{
  "id" : -1,
  "method" : "public/get-trades",
  "code" : 0,
  "result" : {
    "data" : [ {
      "d" : "1756463056856125664",
      "t" : 1756463056856,
      "tn" : 1756463056856125664,
      "q" : "500",
      "p" : "0.06115",
      "s" : "buy",
      "i" : "ZK_USD",
      "m" : "4611686018428016017"
    }, {
      "d" : "1756462639997232466",
      "t" : 1756462639997,
      "tn" : 1756462639997232466,
      "q" : "1556",
      "p" : "0.06105",
      "s" : "buy",
      "i" : "ZK_USD",
      "m" : "4611686018428016016"
    }, {
      "d" : "1756462545877381263",
      "t" : 1756462545877,
      "tn" : 1756462545877381263,
      "q" : "1561",
      "p" : "0.06114",
      "s" : "buy",
      "i" : "ZK_USD",
      "m" : "4611686018428016015"
    }, {
      "d" : "1756462033811820639",
      "t" : 1756462033811,
      "tn" : 1756462033811820639,
      "q" : "2093",
      "p" : "0.06141",
      "s" : "buy",
      "i" : "ZK_USD",
      "m" : "4611686018428016014"
    }, {
      "d" : "1756461215183162887",
      "t" : 1756461215183,
      "tn" : 1756461215183162887,
      "q" : "2178",
      "p" : "0.06103",
      "s" : "buy",
      "i" : "ZK_USD",
      "m" : "4611686018428016013"
    }, {
      "d" : "1756461189771242650",
      "t" : 1756461189771,
      "tn" : 1756461189771242650,
      "q" : "1283",
      "p" : "0.06107",
      "s" : "sell",
      "i" : "ZK_USD",
      "m" : "4611686018428016012"
    }, {
      "d" : "1756461189767293920",
      "t" : 1756461189767,
      "tn" : 1756461189767293920,
      "q" : "3277",
      "p" : "0.06107",
      "s" : "buy",
      "i" : "ZK_USD",
      "m" : "4611686018428016011"
    }, {
      "d" : "1756460401724643364",
      "t" : 1756460401724,
      "tn" : 1756460401724643364,
      "q" : "3284",
      "p" : "0.06093",
      "s" : "buy",
      "i" : "ZK_USD",
      "m" : "4611686018428016010"
    }, {
      "d" : "1756459973106932753",
      "t" : 1756459973106,
      "tn" : 1756459973106932753,
      "q" : "5465",
      "p" : "0.06086",
      "s" : "buy",
      "i" : "ZK_USD",
      "m" : "4611686018428016009"
    }, {
      "d" : "1756459973102066723",
      "t" : 1756459973102,
      "tn" : 1756459973102066723,
      "q" : "3282",
      "p" : "0.06086",
      "s" : "sell",
      "i" : "ZK_USD",
      "m" : "4611686018428016008"
    }, {
      "d" : "1756457855886450825",
      "t" : 1756457855886,
      "tn" : 1756457855886450825,
      "q" : "2476",
      "p" : "0.06061",
      "s" : "sell",
      "i" : "ZK_USD",
      "m" : "4611686018428016007"
    }, {
      "d" : "1756456643194687617",
      "t" : 1756456643194,
      "tn" : 1756456643194687617,
      "q" : "158",
      "p" : "0.06108",
      "s" : "buy",
      "i" : "ZK_USD",
      "m" : "4611686018428016006"
    }, {
      "d" : "1756456521128251891",
      "t" : 1756456521128,
      "tn" : 1756456521128251891,
      "q" : "1073",
      "p" : "0.06103",
      "s" : "sell",
      "i" : "ZK_USD",
      "m" : "4611686018428016005"
    }, {
      "d" : "1756456182422503718",
      "t" : 1756456182422,
      "tn" : 1756456182422503718,
      "q" : "2484",
      "p" : "0.06106",
      "s" : "sell",
      "i" : "ZK_USD",
      "m" : "4611686018428016004"
    }, {
      "d" : "1756455866958295700",
      "t" : 1756455866958,
      "tn" : 1756455866958295700,
      "q" : "2604",
      "p" : "0.06121",
      "s" : "sell",
      "i" : "ZK_USD",
      "m" : "4611686018428016003"
    }, {
      "d" : "1756454989145980545",
      "t" : 1756454989145,
      "tn" : 1756454989145980545,
      "q" : "2500",
      "p" : "0.06154",
      "s" : "buy",
      "i" : "ZK_USD",
      "m" : "4611686018428016002"
    }, {
      "d" : "1756454068507376249",
      "t" : 1756454068507,
      "tn" : 1756454068507376249,
      "q" : "12964",
      "p" : "0.06199",
      "s" : "buy",
      "i" : "ZK_USD",
      "m" : "4611686018428016001"
    }, {
      "d" : "1756454068507374694",
      "t" : 1756454068507,
      "tn" : 1756454068507374694,
      "q" : "2939",
      "p" : "0.06198",
      "s" : "buy",
      "i" : "ZK_USD",
      "m" : "4611686018428016000"
    }, {
      "d" : "1756453575972325652",
      "t" : 1756453575972,
      "tn" : 1756453575972325652,
      "q" : "4246",
      "p" : "0.06205",
      "s" : "sell",
      "i" : "ZK_USD",
      "m" : "4611686018428015999"
    }, {
      "d" : "1756452791110299919",
      "t" : 1756452791110,
      "tn" : 1756452791110299919,
      "q" : "2917",
      "p" : "0.06249",
      "s" : "sell",
      "i" : "ZK_USD",
      "m" : "4611686018428015998"
    }, {
      "d" : "1756452738379467244",
      "t" : 1756452738379,
      "tn" : 1756452738379467244,
      "q" : "565",
      "p" : "0.06246",
      "s" : "sell",
      "i" : "ZK_USD",
      "m" : "4611686018428015997"
    }, {
      "d" : "1756452738379464888",
      "t" : 1756452738379,
      "tn" : 1756452738379464888,
      "q" : "3202",
      "p" : "0.06246",
      "s" : "sell",
      "i" : "ZK_USD",
      "m" : "4611686018428015996"
    }, {
      "d" : "1756452738377851081",
      "t" : 1756452738377,
      "tn" : 1756452738377851081,
      "q" : "4246",
      "p" : "0.06246",
      "s" : "buy",
      "i" : "ZK_USD",
      "m" : "4611686018428015995"
    }, {
      "d" : "1756451250216758627",
      "t" : 1756451250216,
      "tn" : 1756451250216758627,
      "q" : "4246",
      "p" : "0.06256",
      "s" : "sell",
      "i" : "ZK_USD",
      "m" : "4611686018428015994"
    }, {
      "d" : "1756451167234460982",
      "t" : 1756451167234,
      "tn" : 1756451167234460982,
      "q" : "4246",
      "p" : "0.06297",
      "s" : "buy",
      "i" : "ZK_USD",
      "m" : "4611686018428015993"
    }, {
      "d" : "1756450224704589767",
      "t" : 1756450224704,
      "tn" : 1756450224704589767,
      "q" : "2360",
      "p" : "0.06348",
      "s" : "buy",
      "i" : "ZK_USD",
      "m" : "4611686018428015992"
    }, {
      "d" : "1756449599347760097",
      "t" : 1756449599347,
      "tn" : 1756449599347760097,
      "q" : "2379",
      "p" : "0.06304",
      "s" : "sell",
      "i" : "ZK_USD",
      "m" : "4611686018428015991"
    }, {
      "d" : "1756449599345150473",
      "t" : 1756449599345,
      "tn" : 1756449599345150473,
      "q" : "4246",
      "p" : "0.06303",
      "s" : "sell",
      "i" : "ZK_USD",
      "m" : "4611686018428015990"
    }, {
      "d" : "1756449599345148314",
      "t" : 1756449599345,
      "tn" : 1756449599345148314,
      "q" : "2892",
      "p" : "0.06304",
      "s" : "sell",
      "i" : "ZK_USD",
      "m" : "4611686018428015989"
    }, {
      "d" : "1756448575057886134",
      "t" : 1756448575057,
      "tn" : 1756448575057886134,
      "q" : "1513",
      "p" : "0.06364",
      "s" : "buy",
      "i" : "ZK_USD",
      "m" : "4611686018428015988"
    }, {
      "d" : "1756448083838889135",
      "t" : 1756448083838,
      "tn" : 1756448083838889135,
      "q" : "6308",
      "p" : "0.06400",
      "s" : "buy",
      "i" : "ZK_USD",
      "m" : "4611686018428015987"
    }, {
      "d" : "1756448083798700241",
      "t" : 1756448083798,
      "tn" : 1756448083798700241,
      "q" : "3474",
      "p" : "0.06400",
      "s" : "buy",
      "i" : "ZK_USD",
      "m" : "4611686018428015986"
    }, {
      "d" : "1756448083795676347",
      "t" : 1756448083795,
      "tn" : 1756448083795676347,
      "q" : "1406",
      "p" : "0.06400",
      "s" : "buy",
      "i" : "ZK_USD",
      "m" : "4611686018428015985"
    }, {
      "d" : "1756448083795665314",
      "t" : 1756448083795,
      "tn" : 1756448083795665314,
      "q" : "1406",
      "p" : "0.06400",
      "s" : "buy",
      "i" : "ZK_USD",
      "m" : "4611686018428015984"
    }, {
      "d" : "1756448083787477017",
      "t" : 1756448083787,
      "tn" : 1756448083787477017,
      "q" : "1216",
      "p" : "0.06403",
      "s" : "buy",
      "i" : "ZK_USD",
      "m" : "4611686018428015983"
    }, {
      "d" : "1756448083783190758",
      "t" : 1756448083783,
      "tn" : 1756448083783190758,
      "q" : "2633",
      "p" : "0.06395",
      "s" : "buy",
      "i" : "ZK_USD",
      "m" : "4611686018428015982"
    }, {
      "d" : "1756448083779642444",
      "t" : 1756448083779,
      "tn" : 1756448083779642444,
      "q" : "3538",
      "p" : "0.06395",
      "s" : "buy",
      "i" : "ZK_USD",
      "m" : "4611686018428015981"
    }, {
      "d" : "1756448083779640752",
      "t" : 1756448083779,
      "tn" : 1756448083779640752,
      "q" : "212",
      "p" : "0.06394",
      "s" : "buy",
      "i" : "ZK_USD",
      "m" : "4611686018428015980"
    }, {
      "d" : "1756446752004944407",
      "t" : 1756446752004,
      "tn" : 1756446752004944407,
      "q" : "3030",
      "p" : "0.06411",
      "s" : "buy",
      "i" : "ZK_USD",
      "m" : "4611686018428015979"
    }, {
      "d" : "1756446686462335161",
      "t" : 1756446686462,
      "tn" : 1756446686462335161,
      "q" : "3491",
      "p" : "0.06396",
      "s" : "sell",
      "i" : "ZK_USD",
      "m" : "4611686018428015978"
    }, {
      "d" : "1756442449308847610",
      "t" : 1756442449308,
      "tn" : 1756442449308847610,
      "q" : "2186",
      "p" : "0.06422",
      "s" : "buy",
      "i" : "ZK_USD",
      "m" : "4611686018428015977"
    }, {
      "d" : "1756442179497662234",
      "t" : 1756442179497,
      "tn" : 1756442179497662233,
      "q" : "5356",
      "p" : "0.06394",
      "s" : "sell",
      "i" : "ZK_USD",
      "m" : "4611686018428015976"
    }, {
      "d" : "1756442179497662233",
      "t" : 1756442179497,
      "tn" : 1756442179497662233,
      "q" : "696",
      "p" : "0.06394",
      "s" : "sell",
      "i" : "ZK_USD",
      "m" : "4611686018428015976"
    }, {
      "d" : "1756441653643619084",
      "t" : 1756441653643,
      "tn" : 1756441653643619084,
      "q" : "200",
      "p" : "0.06385",
      "s" : "buy",
      "i" : "ZK_USD",
      "m" : "4611686018428015975"
    }, {
      "d" : "1756441648037962478",
      "t" : 1756441648037,
      "tn" : 1756441648037962478,
      "q" : "2176",
      "p" : "0.06381",
      "s" : "sell",
      "i" : "ZK_USD",
      "m" : "4611686018428015974"
    }, {
      "d" : "1756441648037036678",
      "t" : 1756441648037,
      "tn" : 1756441648037036678,
      "q" : "4246",
      "p" : "0.06389",
      "s" : "sell",
      "i" : "ZK_USD",
      "m" : "4611686018428015973"
    }, {
      "d" : "1756440719320431715",
      "t" : 1756440719320,
      "tn" : 1756440719320431715,
      "q" : "3642",
      "p" : "0.06325",
      "s" : "buy",
      "i" : "ZK_USD",
      "m" : "4611686018428015972"
    }, {
      "d" : "1756440719320429270",
      "t" : 1756440719320,
      "tn" : 1756440719320429270,
      "q" : "4246",
      "p" : "0.06322",
      "s" : "buy",
      "i" : "ZK_USD",
      "m" : "4611686018428015971"
    }, {
      "d" : "1756440719320427378",
      "t" : 1756440719320,
      "tn" : 1756440719320427378,
      "q" : "1",
      "p" : "0.06321",
      "s" : "buy",
      "i" : "ZK_USD",
      "m" : "4611686018428015970"
    }, {
      "d" : "1756440719320418017",
      "t" : 1756440719320,
      "tn" : 1756440719320418017,
      "q" : "2876",
      "p" : "0.06321",
      "s" : "buy",
      "i" : "ZK_USD",
      "m" : "4611686018428015969"
    }, {
      "d" : "1756440597676375398",
      "t" : 1756440597676,
      "tn" : 1756440597676375398,
      "q" : "6410",
      "p" : "0.06310",
      "s" : "sell",
      "i" : "ZK_USD",
      "m" : "4611686018428015968"
    }, {
      "d" : "1756440597635020159",
      "t" : 1756440597635,
      "tn" : 1756440597635020159,
      "q" : "6316",
      "p" : "0.06312",
      "s" : "sell",
      "i" : "ZK_USD",
      "m" : "4611686018428015967"
    }, {
      "d" : "1756433771608472657",
      "t" : 1756433771608,
      "tn" : 1756433771608472657,
      "q" : "400",
      "p" : "0.06343",
      "s" : "buy",
      "i" : "ZK_USD",
      "m" : "4611686018428015966"
    }, {
      "d" : "1756433624012746709",
      "t" : 1756433624012,
      "tn" : 1756433624012746709,
      "q" : "6270",
      "p" : "0.06330",
      "s" : "sell",
      "i" : "ZK_USD",
      "m" : "4611686018428015965"
    }, {
      "d" : "1756433620999741394",
      "t" : 1756433620999,
      "tn" : 1756433620999741394,
      "q" : "15771",
      "p" : "0.06330",
      "s" : "buy",
      "i" : "ZK_USD",
      "m" : "4611686018428015964"
    }, {
      "d" : "1756433620998249731",
      "t" : 1756433620998,
      "tn" : 1756433620998249731,
      "q" : "6296",
      "p" : "0.06330",
      "s" : "sell",
      "i" : "ZK_USD",
      "m" : "4611686018428015963"
    }, {
      "d" : "1756433617961706356",
      "t" : 1756433617961,
      "tn" : 1756433617961706356,
      "q" : "17821",
      "p" : "0.06331",
      "s" : "buy",
      "i" : "ZK_USD",
      "m" : "4611686018428015962"
    }, {
      "d" : "1756433617956576327",
      "t" : 1756433617956,
      "tn" : 1756433617956576327,
      "q" : "4246",
      "p" : "0.06331",
      "s" : "sell",
      "i" : "ZK_USD",
      "m" : "4611686018428015961"
    }, {
      "d" : "1756433317901871349",
      "t" : 1756433317901,
      "tn" : 1756433317901871349,
      "q" : "208",
      "p" : "0.06329",
      "s" : "buy",
      "i" : "ZK_USD",
      "m" : "4611686018428015960"
    }, {
      "d" : "1756432006708981825",
      "t" : 1756432006708,
      "tn" : 1756432006708981825,
      "q" : "980",
      "p" : "0.06342",
      "s" : "buy",
      "i" : "ZK_USD",
      "m" : "4611686018428015959"
    }, {
      "d" : "1756430810952134065",
      "t" : 1756430810952,
      "tn" : 1756430810952134065,
      "q" : "7411",
      "p" : "0.06331",
      "s" : "sell",
      "i" : "ZK_USD",
      "m" : "4611686018428015958"
    }, {
      "d" : "1756430810951306367",
      "t" : 1756430810951,
      "tn" : 1756430810951306367,
      "q" : "6369",
      "p" : "0.06331",
      "s" : "sell",
      "i" : "ZK_USD",
      "m" : "4611686018428015957"
    }, {
      "d" : "1756430810946788276",
      "t" : 1756430810946,
      "tn" : 1756430810946788276,
      "q" : "2788",
      "p" : "0.06331",
      "s" : "buy",
      "i" : "ZK_USD",
      "m" : "4611686018428015956"
    }, {
      "d" : "1756430455031265442",
      "t" : 1756430455031,
      "tn" : 1756430455031265442,
      "q" : "2380",
      "p" : "0.06301",
      "s" : "sell",
      "i" : "ZK_USD",
      "m" : "4611686018428015955"
    }, {
      "d" : "1756427884218578114",
      "t" : 1756427884218,
      "tn" : 1756427884218578114,
      "q" : "7467",
      "p" : "0.06389",
      "s" : "buy",
      "i" : "ZK_USD",
      "m" : "4611686018428015954"
    }, {
      "d" : "1756427379978730441",
      "t" : 1756427379978,
      "tn" : 1756427379978730441,
      "q" : "3469",
      "p" : "0.06427",
      "s" : "buy",
      "i" : "ZK_USD",
      "m" : "4611686018428015953"
    }, {
      "d" : "1756426203888014566",
      "t" : 1756426203888,
      "tn" : 1756426203888014566,
      "q" : "364",
      "p" : "0.06395",
      "s" : "buy",
      "i" : "ZK_USD",
      "m" : "4611686018428015952"
    }, {
      "d" : "1756425065134046529",
      "t" : 1756425065134,
      "tn" : 1756425065134046529,
      "q" : "572",
      "p" : "0.06389",
      "s" : "buy",
      "i" : "ZK_USD",
      "m" : "4611686018428015951"
    }, {
      "d" : "1756424275338201884",
      "t" : 1756424275338,
      "tn" : 1756424275338201884,
      "q" : "1501",
      "p" : "0.06393",
      "s" : "sell",
      "i" : "ZK_USD",
      "m" : "4611686018428015950"
    }, {
      "d" : "1756424086050876229",
      "t" : 1756424086050,
      "tn" : 1756424086050876229,
      "q" : "855",
      "p" : "0.06388",
      "s" : "buy",
      "i" : "ZK_USD",
      "m" : "4611686018428015949"
    }, {
      "d" : "1756423573108475645",
      "t" : 1756423573108,
      "tn" : 1756423573108475645,
      "q" : "1035",
      "p" : "0.06384",
      "s" : "buy",
      "i" : "ZK_USD",
      "m" : "4611686018428015948"
    }, {
      "d" : "1756421592633085753",
      "t" : 1756421592633,
      "tn" : 1756421592633085753,
      "q" : "3520",
      "p" : "0.06378",
      "s" : "sell",
      "i" : "ZK_USD",
      "m" : "4611686018428015947"
    }, {
      "d" : "1756421590483640688",
      "t" : 1756421590483,
      "tn" : 1756421590483640688,
      "q" : "424",
      "p" : "0.06410",
      "s" : "buy",
      "i" : "ZK_USD",
      "m" : "4611686018428015946"
    }, {
      "d" : "1756420776335209828",
      "t" : 1756420776335,
      "tn" : 1756420776335209828,
      "q" : "2339",
      "p" : "0.06389",
      "s" : "sell",
      "i" : "ZK_USD",
      "m" : "4611686018428015945"
    }, {
      "d" : "1756420599456678386",
      "t" : 1756420599456,
      "tn" : 1756420599456678386,
      "q" : "5800",
      "p" : "0.06387",
      "s" : "buy",
      "i" : "ZK_USD",
      "m" : "4611686018428015944"
    }, {
      "d" : "1756420599449418386",
      "t" : 1756420599449,
      "tn" : 1756420599449418386,
      "q" : "1388",
      "p" : "0.06387",
      "s" : "sell",
      "i" : "ZK_USD",
      "m" : "4611686018428015943"
    }, {
      "d" : "1756420295162991690",
      "t" : 1756420295162,
      "tn" : 1756420295162991690,
      "q" : "4405",
      "p" : "0.06395",
      "s" : "sell",
      "i" : "ZK_USD",
      "m" : "4611686018428015942"
    }, {
      "d" : "1756420295161946571",
      "t" : 1756420295161,
      "tn" : 1756420295161946571,
      "q" : "1937",
      "p" : "0.06395",
      "s" : "sell",
      "i" : "ZK_USD",
      "m" : "4611686018428015941"
    }, {
      "d" : "1756420295161944454",
      "t" : 1756420295161,
      "tn" : 1756420295161944453,
      "q" : "1718",
      "p" : "0.06396",
      "s" : "sell",
      "i" : "ZK_USD",
      "m" : "4611686018428015940"
    }, {
      "d" : "1756420295161944453",
      "t" : 1756420295161,
      "tn" : 1756420295161944453,
      "q" : "4246",
      "p" : "0.06396",
      "s" : "sell",
      "i" : "ZK_USD",
      "m" : "4611686018428015940"
    }, {
      "d" : "1756420055636163803",
      "t" : 1756420055636,
      "tn" : 1756420055636163803,
      "q" : "6170",
      "p" : "0.06397",
      "s" : "buy",
      "i" : "ZK_USD",
      "m" : "4611686018428015939"
    }, {
      "d" : "1756419707420647570",
      "t" : 1756419707420,
      "tn" : 1756419707420647570,
      "q" : "3351",
      "p" : "0.06379",
      "s" : "buy",
      "i" : "ZK_USD",
      "m" : "4611686018428015938"
    }, {
      "d" : "1756419407197930308",
      "t" : 1756419407197,
      "tn" : 1756419407197930308,
      "q" : "635",
      "p" : "0.06351",
      "s" : "buy",
      "i" : "ZK_USD",
      "m" : "4611686018428015937"
    }, {
      "d" : "1756418932291672178",
      "t" : 1756418932291,
      "tn" : 1756418932291672178,
      "q" : "305",
      "p" : "0.06316",
      "s" : "sell",
      "i" : "ZK_USD",
      "m" : "4611686018428015936"
    }, {
      "d" : "1756417961828521376",
      "t" : 1756417961828,
      "tn" : 1756417961828521376,
      "q" : "3151",
      "p" : "0.06292",
      "s" : "buy",
      "i" : "ZK_USD",
      "m" : "4611686018428015935"
    }, {
      "d" : "1756417575185056248",
      "t" : 1756417575185,
      "tn" : 1756417575185056248,
      "q" : "973",
      "p" : "0.06285",
      "s" : "buy",
      "i" : "ZK_USD",
      "m" : "4611686018428015934"
    }, {
      "d" : "1756416943576783935",
      "t" : 1756416943576,
      "tn" : 1756416943576783935,
      "q" : "1529",
      "p" : "0.06274",
      "s" : "buy",
      "i" : "ZK_USD",
      "m" : "4611686018428015933"
    }, {
      "d" : "1756416784234043120",
      "t" : 1756416784234,
      "tn" : 1756416784234043120,
      "q" : "4406",
      "p" : "0.06264",
      "s" : "sell",
      "i" : "ZK_USD",
      "m" : "4611686018428015932"
    }, {
      "d" : "1756416784228012009",
      "t" : 1756416784228,
      "tn" : 1756416784228012009,
      "q" : "3195",
      "p" : "0.06264",
      "s" : "buy",
      "i" : "ZK_USD",
      "m" : "4611686018428015931"
    }, {
      "d" : "1756415941244147227",
      "t" : 1756415941244,
      "tn" : 1756415941244147227,
      "q" : "3916",
      "p" : "0.06237",
      "s" : "buy",
      "i" : "ZK_USD",
      "m" : "4611686018428015930"
    }, {
      "d" : "1756414482298990200",
      "t" : 1756414482298,
      "tn" : 1756414482298990200,
      "q" : "3807",
      "p" : "0.06197",
      "s" : "sell",
      "i" : "ZK_USD",
      "m" : "4611686018428015929"
    }, {
      "d" : "1756414410049233046",
      "t" : 1756414410049,
      "tn" : 1756414410049233046,
      "q" : "488",
      "p" : "0.06214",
      "s" : "buy",
      "i" : "ZK_USD",
      "m" : "4611686018428015928"
    }, {
      "d" : "1756413787327006371",
      "t" : 1756413787327,
      "tn" : 1756413787327006371,
      "q" : "3590",
      "p" : "0.06206",
      "s" : "sell",
      "i" : "ZK_USD",
      "m" : "4611686018428015927"
    }, {
      "d" : "1756413734480557361",
      "t" : 1756413734480,
      "tn" : 1756413734480557361,
      "q" : "3251",
      "p" : "0.06210",
      "s" : "sell",
      "i" : "ZK_USD",
      "m" : "4611686018428015926"
    }, {
      "d" : "1756411870545407644",
      "t" : 1756411870545,
      "tn" : 1756411870545407644,
      "q" : "2501",
      "p" : "0.06143",
      "s" : "buy",
      "i" : "ZK_USD",
      "m" : "4611686018428015925"
    }, {
      "d" : "1756411870539981162",
      "t" : 1756411870539,
      "tn" : 1756411870539981162,
      "q" : "3253",
      "p" : "0.06143",
      "s" : "sell",
      "i" : "ZK_USD",
      "m" : "4611686018428015924"
    }, {
      "d" : "1756411870334851386",
      "t" : 1756411870334,
      "tn" : 1756411870334851386,
      "q" : "14177",
      "p" : "0.06144",
      "s" : "buy",
      "i" : "ZK_USD",
      "m" : "4611686018428015923"
    }, {
      "d" : "1756411870328769714",
      "t" : 1756411870328,
      "tn" : 1756411870328769714,
      "q" : "7890",
      "p" : "0.06144",
      "s" : "sell",
      "i" : "ZK_USD",
      "m" : "4611686018428015922"
    }, {
      "d" : "1756411267091726211",
      "t" : 1756411267091,
      "tn" : 1756411267091726211,
      "q" : "241",
      "p" : "0.06149",
      "s" : "buy",
      "i" : "ZK_USD",
      "m" : "4611686018428015921"
    }, {
      "d" : "1756409405430374778",
      "t" : 1756409405430,
      "tn" : 1756409405430374778,
      "q" : "1243",
      "p" : "0.06245",
      "s" : "buy",
      "i" : "ZK_USD",
      "m" : "4611686018428015920"
    }, {
      "d" : "1756409089087888119",
      "t" : 1756409089087,
      "tn" : 1756409089087888119,
      "q" : "178",
      "p" : "0.06252",
      "s" : "buy",
      "i" : "ZK_USD",
      "m" : "4611686018428015919"
    }, {
      "d" : "1756408678467845792",
      "t" : 1756408678467,
      "tn" : 1756408678467845792,
      "q" : "2076",
      "p" : "0.06246",
      "s" : "sell",
      "i" : "ZK_USD",
      "m" : "4611686018428015918"
    }, {
      "d" : "1756408472270494364",
      "t" : 1756408472270,
      "tn" : 1756408472270494364,
      "q" : "268",
      "p" : "0.06273",
      "s" : "buy",
      "i" : "ZK_USD",
      "m" : "4611686018428015917"
    }, {
      "d" : "1756406984535390389",
      "t" : 1756406984535,
      "tn" : 1756406984535390389,
      "q" : "1076",
      "p" : "0.06231",
      "s" : "sell",
      "i" : "ZK_USD",
      "m" : "4611686018428015916"
    }, {
      "d" : "1756406927194093972",
      "t" : 1756406927194,
      "tn" : 1756406927194093972,
      "q" : "243",
      "p" : "0.06246",
      "s" : "buy",
      "i" : "ZK_USD",
      "m" : "4611686018428015915"
    }, {
      "d" : "1756406810880903018",
      "t" : 1756406810880,
      "tn" : 1756406810880903018,
      "q" : "193",
      "p" : "0.06238",
      "s" : "sell",
      "i" : "ZK_USD",
      "m" : "4611686018428015914"
    }, {
      "d" : "1756404778674600014",
      "t" : 1756404778674,
      "tn" : 1756404778674600014,
      "q" : "154",
      "p" : "0.06208",
      "s" : "sell",
      "i" : "ZK_USD",
      "m" : "4611686018428015913"
    }, {
      "d" : "1756404669907775990",
      "t" : 1756404669907,
      "tn" : 1756404669907775990,
      "q" : "212",
      "p" : "0.06219",
      "s" : "buy",
      "i" : "ZK_USD",
      "m" : "4611686018428015912"
    }, {
      "d" : "1756404666749630449",
      "t" : 1756404666749,
      "tn" : 1756404666749630449,
      "q" : "643",
      "p" : "0.06219",
      "s" : "sell",
      "i" : "ZK_USD",
      "m" : "4611686018428015911"
    }, {
      "d" : "1756404666284544625",
      "t" : 1756404666284,
      "tn" : 1756404666284544625,
      "q" : "2097",
      "p" : "0.06219",
      "s" : "sell",
      "i" : "ZK_USD",
      "m" : "4611686018428015910"
    }, {
      "d" : "1756404665976932002",
      "t" : 1756404665976,
      "tn" : 1756404665976932002,
      "q" : "147",
      "p" : "0.06219",
      "s" : "sell",
      "i" : "ZK_USD",
      "m" : "4611686018428015909"
    }, {
      "d" : "1756404664646576921",
      "t" : 1756404664646,
      "tn" : 1756404664646576921,
      "q" : "947",
      "p" : "0.06219",
      "s" : "sell",
      "i" : "ZK_USD",
      "m" : "4611686018428015908"
    }, {
      "d" : "1756404664642934065",
      "t" : 1756404664642,
      "tn" : 1756404664642934065,
      "q" : "3586",
      "p" : "0.06219",
      "s" : "buy",
      "i" : "ZK_USD",
      "m" : "4611686018428015907"
    }, {
      "d" : "1756404380853386567",
      "t" : 1756404380853,
      "tn" : 1756404380853386567,
      "q" : "1104",
      "p" : "0.06235",
      "s" : "buy",
      "i" : "ZK_USD",
      "m" : "4611686018428015906"
    }, {
      "d" : "1756404374640940613",
      "t" : 1756404374640,
      "tn" : 1756404374640940613,
      "q" : "433",
      "p" : "0.06234",
      "s" : "buy",
      "i" : "ZK_USD",
      "m" : "4611686018428015905"
    }, {
      "d" : "1756401961582236380",
      "t" : 1756401961582,
      "tn" : 1756401961582236380,
      "q" : "1599",
      "p" : "0.06238",
      "s" : "sell",
      "i" : "ZK_USD",
      "m" : "4611686018428015904"
    }, {
      "d" : "1756401771131298296",
      "t" : 1756401771131,
      "tn" : 1756401771131298296,
      "q" : "1599",
      "p" : "0.06245",
      "s" : "buy",
      "i" : "ZK_USD",
      "m" : "4611686018428015903"
    }, {
      "d" : "1756400566133606804",
      "t" : 1756400566133,
      "tn" : 1756400566133606804,
      "q" : "8245",
      "p" : "0.06207",
      "s" : "sell",
      "i" : "ZK_USD",
      "m" : "4611686018428015902"
    }, {
      "d" : "1756400566056729641",
      "t" : 1756400566056,
      "tn" : 1756400566056729641,
      "q" : "6444",
      "p" : "0.06207",
      "s" : "buy",
      "i" : "ZK_USD",
      "m" : "4611686018428015901"
    }, {
      "d" : "1756400561875611343",
      "t" : 1756400561875,
      "tn" : 1756400561875611343,
      "q" : "4327",
      "p" : "0.06206",
      "s" : "sell",
      "i" : "ZK_USD",
      "m" : "4611686018428015900"
    }, {
      "d" : "1756400561875549438",
      "t" : 1756400561875,
      "tn" : 1756400561875549438,
      "q" : "5566",
      "p" : "0.06206",
      "s" : "sell",
      "i" : "ZK_USD",
      "m" : "4611686018428015899"
    }, {
      "d" : "1756400561793992052",
      "t" : 1756400561793,
      "tn" : 1756400561793992052,
      "q" : "3192",
      "p" : "0.06206",
      "s" : "buy",
      "i" : "ZK_USD",
      "m" : "4611686018428015898"
    }, {
      "d" : "1756400109757769708",
      "t" : 1756400109757,
      "tn" : 1756400109757769708,
      "q" : "3172",
      "p" : "0.06238",
      "s" : "sell",
      "i" : "ZK_USD",
      "m" : "4611686018428015897"
    }, {
      "d" : "1756397274875631978",
      "t" : 1756397274875,
      "tn" : 1756397274875631978,
      "q" : "356",
      "p" : "0.06327",
      "s" : "sell",
      "i" : "ZK_USD",
      "m" : "4611686018428015896"
    }, {
      "d" : "1756395670818549502",
      "t" : 1756395670818,
      "tn" : 1756395670818549502,
      "q" : "2111",
      "p" : "0.06302",
      "s" : "sell",
      "i" : "ZK_USD",
      "m" : "4611686018428015895"
    }, {
      "d" : "1756395270239112205",
      "t" : 1756395270239,
      "tn" : 1756395270239112205,
      "q" : "358",
      "p" : "0.06340",
      "s" : "buy",
      "i" : "ZK_USD",
      "m" : "4611686018428015894"
    }, {
      "d" : "1756393309987255768",
      "t" : 1756393309987,
      "tn" : 1756393309987255768,
      "q" : "4488",
      "p" : "0.06490",
      "s" : "buy",
      "i" : "ZK_USD",
      "m" : "4611686018428015893"
    }, {
      "d" : "1756393304844717089",
      "t" : 1756393304844,
      "tn" : 1756393304844717089,
      "q" : "6137",
      "p" : "0.06482",
      "s" : "buy",
      "i" : "ZK_USD",
      "m" : "4611686018428015892"
    }, {
      "d" : "1756392957902168076",
      "t" : 1756392957902,
      "tn" : 1756392957902168076,
      "q" : "748",
      "p" : "0.06487",
      "s" : "buy",
      "i" : "ZK_USD",
      "m" : "4611686018428015891"
    }, {
      "d" : "1756392929555108982",
      "t" : 1756392929555,
      "tn" : 1756392929555108982,
      "q" : "5118",
      "p" : "0.06488",
      "s" : "buy",
      "i" : "ZK_USD",
      "m" : "4611686018428015890"
    }, {
      "d" : "1756392570367018638",
      "t" : 1756392570367,
      "tn" : 1756392570367018638,
      "q" : "4042",
      "p" : "0.06455",
      "s" : "sell",
      "i" : "ZK_USD",
      "m" : "4611686018428015889"
    }, {
      "d" : "1756392570364898500",
      "t" : 1756392570364,
      "tn" : 1756392570364898500,
      "q" : "1086",
      "p" : "0.06455",
      "s" : "sell",
      "i" : "ZK_USD",
      "m" : "4611686018428015888"
    }, {
      "d" : "1756392182441699723",
      "t" : 1756392182441,
      "tn" : 1756392182441699723,
      "q" : "469",
      "p" : "0.06479",
      "s" : "sell",
      "i" : "ZK_USD",
      "m" : "4611686018428015887"
    }, {
      "d" : "1756391821489766395",
      "t" : 1756391821489,
      "tn" : 1756391821489766395,
      "q" : "249",
      "p" : "0.06441",
      "s" : "sell",
      "i" : "ZK_USD",
      "m" : "4611686018428015886"
    }, {
      "d" : "1756391708489256638",
      "t" : 1756391708489,
      "tn" : 1756391708489256638,
      "q" : "707",
      "p" : "0.06454",
      "s" : "buy",
      "i" : "ZK_USD",
      "m" : "4611686018428015885"
    }, {
      "d" : "1756391370780075276",
      "t" : 1756391370780,
      "tn" : 1756391370780075276,
      "q" : "3638",
      "p" : "0.06393",
      "s" : "sell",
      "i" : "ZK_USD",
      "m" : "4611686018428015884"
    }, {
      "d" : "1756391370778043994",
      "t" : 1756391370778,
      "tn" : 1756391370778043994,
      "q" : "66",
      "p" : "0.06393",
      "s" : "sell",
      "i" : "ZK_USD",
      "m" : "4611686018428015883"
    }, {
      "d" : "1756391370777750923",
      "t" : 1756391370777,
      "tn" : 1756391370777750923,
      "q" : "1560",
      "p" : "0.06393",
      "s" : "sell",
      "i" : "ZK_USD",
      "m" : "4611686018428015882"
    }, {
      "d" : "1756391370776845515",
      "t" : 1756391370776,
      "tn" : 1756391370776845515,
      "q" : "779",
      "p" : "0.06393",
      "s" : "sell",
      "i" : "ZK_USD",
      "m" : "4611686018428015881"
    }, {
      "d" : "1756391369404911504",
      "t" : 1756391369404,
      "tn" : 1756391369404911504,
      "q" : "6138",
      "p" : "0.06406",
      "s" : "sell",
      "i" : "ZK_USD",
      "m" : "4611686018428015880"
    }, {
      "d" : "1756391369392973625",
      "t" : 1756391369392,
      "tn" : 1756391369392973625,
      "q" : "6319",
      "p" : "0.06406",
      "s" : "sell",
      "i" : "ZK_USD",
      "m" : "4611686018428015879"
    }, {
      "d" : "1756391364688719843",
      "t" : 1756391364688,
      "tn" : 1756391364688719843,
      "q" : "6256",
      "p" : "0.06403",
      "s" : "sell",
      "i" : "ZK_USD",
      "m" : "4611686018428015878"
    }, {
      "d" : "1756391353482500098",
      "t" : 1756391353482,
      "tn" : 1756391353482500098,
      "q" : "3899",
      "p" : "0.06417",
      "s" : "sell",
      "i" : "ZK_USD",
      "m" : "4611686018428015877"
    }, {
      "d" : "1756391353482498490",
      "t" : 1756391353482,
      "tn" : 1756391353482498490,
      "q" : "2285",
      "p" : "0.06418",
      "s" : "sell",
      "i" : "ZK_USD",
      "m" : "4611686018428015876"
    }, {
      "d" : "1756391296652398018",
      "t" : 1756391296652,
      "tn" : 1756391296652398018,
      "q" : "2763",
      "p" : "0.06438",
      "s" : "sell",
      "i" : "ZK_USD",
      "m" : "4611686018428015875"
    }, {
      "d" : "1756391296605690672",
      "t" : 1756391296605,
      "tn" : 1756391296605690672,
      "q" : "7786",
      "p" : "0.06438",
      "s" : "sell",
      "i" : "ZK_USD",
      "m" : "4611686018428015874"
    }, {
      "d" : "1756391296574431222",
      "t" : 1756391296574,
      "tn" : 1756391296574431222,
      "q" : "1081",
      "p" : "0.06438",
      "s" : "sell",
      "i" : "ZK_USD",
      "m" : "4611686018428015873"
    }, {
      "d" : "1756391296561916532",
      "t" : 1756391296561,
      "tn" : 1756391296561916532,
      "q" : "6708",
      "p" : "0.06438",
      "s" : "sell",
      "i" : "ZK_USD",
      "m" : "4611686018428015872"
    }, {
      "d" : "1756391296557608985",
      "t" : 1756391296557,
      "tn" : 1756391296557608985,
      "q" : "1282",
      "p" : "0.06438",
      "s" : "sell",
      "i" : "ZK_USD",
      "m" : "4611686018428015871"
    }, {
      "d" : "1756391254154982260",
      "t" : 1756391254154,
      "tn" : 1756391254154982260,
      "q" : "1469",
      "p" : "0.06453",
      "s" : "buy",
      "i" : "ZK_USD",
      "m" : "4611686018428015870"
    } ]
  }
}