{
  "id" : -1,
  "method" : "public/get-trades",
  "code" : 0,
  "result" : {
    "data" : [ {
      "d" : "1756452025338363419",
      "t" : 1756452025338,
      "tn" : 1756452025338363419,
      "q" : "3396",
      "p" : "0.06220",
      "s" : "buy",
      "i" : "ZK_USDT",
      "m" : "4611686018427946637"
    }, {
      "d" : "1756451061338033450",
      "t" : 1756451061338,
      "tn" : 1756451061338033450,
      "q" : "3638",
      "p" : "0.06303",
      "s" : "buy",
      "i" : "ZK_USDT",
      "m" : "4611686018427946636"
    }, {
      "d" : "1756449341450305889",
      "t" : 1756449341450,
      "tn" : 1756449341450305889,
      "q" : "3343",
      "p" : "0.06357",
      "s" : "buy",
      "i" : "ZK_USDT",
      "m" : "4611686018427946635"
    }, {
      "d" : "1756448083813087265",
      "t" : 1756448083813,
      "tn" : 1756448083813087265,
      "q" : "6311",
      "p" : "0.06399",
      "s" : "buy",
      "i" : "ZK_USDT",
      "m" : "4611686018427946634"
    }, {
      "d" : "1756447785481862963",
      "t" : 1756447785481,
      "tn" : 1756447785481862963,
      "q" : "3638",
      "p" : "0.06424",
      "s" : "sell",
      "i" : "ZK_USDT",
      "m" : "4611686018427946633"
    }, {
      "d" : "1756447763811290577",
      "t" : 1756447763811,
      "tn" : 1756447763811290577,
      "q" : "3638",
      "p" : "0.06425",
      "s" : "sell",
      "i" : "ZK_USDT",
      "m" : "4611686018427946632"
    }, {
      "d" : "1756447685912808691",
      "t" : 1756447685912,
      "tn" : 1756447685912808691,
      "q" : "3409",
      "p" : "0.06427",
      "s" : "sell",
      "i" : "ZK_USDT",
      "m" : "4611686018427946631"
    }, {
      "d" : "1756444058485132479",
      "t" : 1756444058485,
      "tn" : 1756444058485132479,
      "q" : "3638",
      "p" : "0.06391",
      "s" : "sell",
      "i" : "ZK_USDT",
      "m" : "4611686018427946630"
    }, {
      "d" : "1756443161327720894",
      "t" : 1756443161327,
      "tn" : 1756443161327720894,
      "q" : "185",
      "p" : "0.06402",
      "s" : "sell",
      "i" : "ZK_USDT",
      "m" : "4611686018427946629"
    }, {
      "d" : "1756442726535445651",
      "t" : 1756442726535,
      "tn" : 1756442726535445651,
      "q" : "3329",
      "p" : "0.06431",
      "s" : "buy",
      "i" : "ZK_USDT",
      "m" : "4611686018427946628"
    }, {
      "d" : "1756432306614632068",
      "t" : 1756432306614,
      "tn" : 1756432306614632068,
      "q" : "3341",
      "p" : "0.06323",
      "s" : "buy",
      "i" : "ZK_USDT",
      "m" : "4611686018427946627"
    }, {
      "d" : "1756430810950097262",
      "t" : 1756430810950,
      "tn" : 1756430810950097262,
      "q" : "6371",
      "p" : "0.06316",
      "s" : "buy",
      "i" : "ZK_USDT",
      "m" : "4611686018427946626"
    }, {
      "d" : "1756430455030309537",
      "t" : 1756430455030,
      "tn" : 1756430455030309537,
      "q" : "6356",
      "p" : "0.06298",
      "s" : "sell",
      "i" : "ZK_USDT",
      "m" : "4611686018427946625"
    }, {
      "d" : "1756416540308149470",
      "t" : 1756416540308,
      "tn" : 1756416540308149470,
      "q" : "3971",
      "p" : "0.06250",
      "s" : "buy",
      "i" : "ZK_USDT",
      "m" : "4611686018427946624"
    }, {
      "d" : "1756414251359314252",
      "t" : 1756414251359,
      "tn" : 1756414251359314252,
      "q" : "4133",
      "p" : "0.06204",
      "s" : "buy",
      "i" : "ZK_USDT",
      "m" : "4611686018427946623"
    }, {
      "d" : "1756414230759054323",
      "t" : 1756414230759,
      "tn" : 1756414230759054323,
      "q" : "3570",
      "p" : "0.06202",
      "s" : "buy",
      "i" : "ZK_USDT",
      "m" : "4611686018427946622"
    }, {
      "d" : "1756412865796761667",
      "t" : 1756412865796,
      "tn" : 1756412865796761667,
      "q" : "5487",
      "p" : "0.06209",
      "s" : "sell",
      "i" : "ZK_USDT",
      "m" : "4611686018427946621"
    }, {
      "d" : "1756410554788354424",
      "t" : 1756410554788,
      "tn" : 1756410554788354424,
      "q" : "2287",
      "p" : "0.06162",
      "s" : "sell",
      "i" : "ZK_USDT",
      "m" : "4611686018427946620"
    }, {
      "d" : "1756410554758252006",
      "t" : 1756410554758,
      "tn" : 1756410554758252006,
      "q" : "545",
      "p" : "0.06162",
      "s" : "sell",
      "i" : "ZK_USDT",
      "m" : "4611686018427946619"
    }, {
      "d" : "1756410554752548425",
      "t" : 1756410554752,
      "tn" : 1756410554752548425,
      "q" : "2831",
      "p" : "0.06162",
      "s" : "sell",
      "i" : "ZK_USDT",
      "m" : "4611686018427946618"
    }, {
      "d" : "1756410554743547055",
      "t" : 1756410554743,
      "tn" : 1756410554743547055,
      "q" : "2760",
      "p" : "0.06162",
      "s" : "sell",
      "i" : "ZK_USDT",
      "m" : "4611686018427946617"
    }, {
      "d" : "1756410403049852364",
      "t" : 1756410403049,
      "tn" : 1756410403049852364,
      "q" : "4748",
      "p" : "0.06201",
      "s" : "buy",
      "i" : "ZK_USDT",
      "m" : "4611686018427946616"
    }, {
      "d" : "1756410400705701020",
      "t" : 1756410400705,
      "tn" : 1756410400705701020,
      "q" : "3379",
      "p" : "0.06199",
      "s" : "buy",
      "i" : "ZK_USDT",
      "m" : "4611686018427946615"
    }, {
      "d" : "1756402051830740719",
      "t" : 1756402051830,
      "tn" : 1756402051830740719,
      "q" : "3202",
      "p" : "0.06250",
      "s" : "sell",
      "i" : "ZK_USDT",
      "m" : "4611686018427946614"
    }, {
      "d" : "1756401529320700692",
      "t" : 1756401529320,
      "tn" : 1756401529320700692,
      "q" : "3645",
      "p" : "0.06213",
      "s" : "sell",
      "i" : "ZK_USDT",
      "m" : "4611686018427946613"
    }, {
      "d" : "1756401520616195036",
      "t" : 1756401520616,
      "tn" : 1756401520616195036,
      "q" : "3338",
      "p" : "0.06210",
      "s" : "sell",
      "i" : "ZK_USDT",
      "m" : "4611686018427946612"
    }, {
      "d" : "1756396153251178072",
      "t" : 1756396153251,
      "tn" : 1756396153251178072,
      "q" : "1067",
      "p" : "0.06289",
      "s" : "sell",
      "i" : "ZK_USDT",
      "m" : "4611686018427946611"
    }, {
      "d" : "1756393632135882261",
      "t" : 1756393632135,
      "tn" : 1756393632135882261,
      "q" : "1400",
      "p" : "0.06426",
      "s" : "sell",
      "i" : "ZK_USDT",
      "m" : "4611686018427946610"
    }, {
      "d" : "1756392570363157525",
      "t" : 1756392570363,
      "tn" : 1756392570363157525,
      "q" : "644",
      "p" : "0.06455",
      "s" : "sell",
      "i" : "ZK_USDT",
      "m" : "4611686018427946609"
    }, {
      "d" : "1756391840806490298",
      "t" : 1756391840806,
      "tn" : 1756391840806490298,
      "q" : "3333",
      "p" : "0.06463",
      "s" : "buy",
      "i" : "ZK_USDT",
      "m" : "4611686018427946608"
    }, {
      "d" : "1756391708484128921",
      "t" : 1756391708484,
      "tn" : 1756391708484128921,
      "q" : "697",
      "p" : "0.06453",
      "s" : "buy",
      "i" : "ZK_USDT",
      "m" : "4611686018427946607"
    }, {
      "d" : "1756391370784580853",
      "t" : 1756391370784,
      "tn" : 1756391370784580853,
      "q" : "1128",
      "p" : "0.06393",
      "s" : "sell",
      "i" : "ZK_USDT",
      "m" : "4611686018427946606"
    }, {
      "d" : "1756391370778113442",
      "t" : 1756391370778,
      "tn" : 1756391370778113442,
      "q" : "3206",
      "p" : "0.06393",
      "s" : "sell",
      "i" : "ZK_USDT",
      "m" : "4611686018427946605"
    }, {
      "d" : "1756391369418054500",
      "t" : 1756391369418,
      "tn" : 1756391369418054500,
      "q" : "3908",
      "p" : "0.06405",
      "s" : "sell",
      "i" : "ZK_USDT",
      "m" : "4611686018427946604"
    }, {
      "d" : "1756391147953285433",
      "t" : 1756391147953,
      "tn" : 1756391147953285433,
      "q" : "3168",
      "p" : "0.06451",
      "s" : "buy",
      "i" : "ZK_USDT",
      "m" : "4611686018427946603"
    }, {
      "d" : "1756391038135640128",
      "t" : 1756391038135,
      "tn" : 1756391038135640128,
      "q" : "6099",
      "p" : "0.06441",
      "s" : "sell",
      "i" : "ZK_USDT",
      "m" : "4611686018427946602"
    }, {
      "d" : "1756391038105582288",
      "t" : 1756391038105,
      "tn" : 1756391038105582288,
      "q" : "6225",
      "p" : "0.06443",
      "s" : "sell",
      "i" : "ZK_USDT",
      "m" : "4611686018427946601"
    }, {
      "d" : "1756391037233997910",
      "t" : 1756391037233,
      "tn" : 1756391037233997910,
      "q" : "830",
      "p" : "0.06462",
      "s" : "sell",
      "i" : "ZK_USDT",
      "m" : "4611686018427946600"
    }, {
      "d" : "1756391037200661234",
      "t" : 1756391037200,
      "tn" : 1756391037200661234,
      "q" : "5288",
      "p" : "0.06462",
      "s" : "sell",
      "i" : "ZK_USDT",
      "m" : "4611686018427946599"
    }, {
      "d" : "1756390879587694543",
      "t" : 1756390879587,
      "tn" : 1756390879587694543,
      "q" : "3273",
      "p" : "0.06510",
      "s" : "buy",
      "i" : "ZK_USDT",
      "m" : "4611686018427946598"
    }, {
      "d" : "1756390876944800443",
      "t" : 1756390876944,
      "tn" : 1756390876944800443,
      "q" : "4309",
      "p" : "0.06490",
      "s" : "buy",
      "i" : "ZK_USDT",
      "m" : "4611686018427946597"
    }, {
      "d" : "1756390874523952439",
      "t" : 1756390874523,
      "tn" : 1756390874523952439,
      "q" : "1644",
      "p" : "0.06478",
      "s" : "sell",
      "i" : "ZK_USDT",
      "m" : "4611686018427946596"
    }, {
      "d" : "1756390874521360784",
      "t" : 1756390874521,
      "tn" : 1756390874521360784,
      "q" : "1259",
      "p" : "0.06478",
      "s" : "sell",
      "i" : "ZK_USDT",
      "m" : "4611686018427946595"
    }, {
      "d" : "1756390874501002242",
      "t" : 1756390874501,
      "tn" : 1756390874501002242,
      "q" : "777",
      "p" : "0.06480",
      "s" : "sell",
      "i" : "ZK_USDT",
      "m" : "4611686018427946594"
    }, {
      "d" : "1756390874486331105",
      "t" : 1756390874486,
      "tn" : 1756390874486331105,
      "q" : "773",
      "p" : "0.06480",
      "s" : "sell",
      "i" : "ZK_USDT",
      "m" : "4611686018427946593"
    }, {
      "d" : "1756390874481321238",
      "t" : 1756390874481,
      "tn" : 1756390874481321238,
      "q" : "773",
      "p" : "0.06480",
      "s" : "sell",
      "i" : "ZK_USDT",
      "m" : "4611686018427946592"
    }, {
      "d" : "1756390874473983045",
      "t" : 1756390874473,
      "tn" : 1756390874473983045,
      "q" : "773",
      "p" : "0.06480",
      "s" : "sell",
      "i" : "ZK_USDT",
      "m" : "4611686018427946591"
    }, {
      "d" : "1756390873508930571",
      "t" : 1756390873508,
      "tn" : 1756390873508930571,
      "q" : "6223",
      "p" : "0.06488",
      "s" : "buy",
      "i" : "ZK_USDT",
      "m" : "4611686018427946590"
    }, {
      "d" : "1756390873459944857",
      "t" : 1756390873459,
      "tn" : 1756390873459944857,
      "q" : "6011",
      "p" : "0.06487",
      "s" : "buy",
      "i" : "ZK_USDT",
      "m" : "4611686018427946589"
    }, {
      "d" : "1756390861529849615",
      "t" : 1756390861529,
      "tn" : 1756390861529849615,
      "q" : "6207",
      "p" : "0.06560",
      "s" : "sell",
      "i" : "ZK_USDT",
      "m" : "4611686018427946588"
    }, {
      "d" : "1756390861504877790",
      "t" : 1756390861504,
      "tn" : 1756390861504877790,
      "q" : "5922",
      "p" : "0.06562",
      "s" : "sell",
      "i" : "ZK_USDT",
      "m" : "4611686018427946587"
    }, {
      "d" : "1756390861489894996",
      "t" : 1756390861489,
      "tn" : 1756390861489894996,
      "q" : "5933",
      "p" : "0.06567",
      "s" : "sell",
      "i" : "ZK_USDT",
      "m" : "4611686018427946586"
    }, {
      "d" : "1756390861484724861",
      "t" : 1756390861484,
      "tn" : 1756390861484724861,
      "q" : "6075",
      "p" : "0.06567",
      "s" : "sell",
      "i" : "ZK_USDT",
      "m" : "4611686018427946585"
    }, {
      "d" : "1756390808398197243",
      "t" : 1756390808398,
      "tn" : 1756390808398197243,
      "q" : "5777",
      "p" : "0.06856",
      "s" : "buy",
      "i" : "ZK_USDT",
      "m" : "4611686018427946584"
    }, {
      "d" : "1756390738757622470",
      "t" : 1756390738757,
      "tn" : 1756390738757622470,
      "q" : "5976",
      "p" : "0.06731",
      "s" : "sell",
      "i" : "ZK_USDT",
      "m" : "4611686018427946583"
    }, {
      "d" : "1756390738696360106",
      "t" : 1756390738696,
      "tn" : 1756390738696360106,
      "q" : "5938",
      "p" : "0.06733",
      "s" : "sell",
      "i" : "ZK_USDT",
      "m" : "4611686018427946582"
    }, {
      "d" : "1756390720943188114",
      "t" : 1756390720943,
      "tn" : 1756390720943188114,
      "q" : "6046",
      "p" : "0.06721",
      "s" : "buy",
      "i" : "ZK_USDT",
      "m" : "4611686018427946581"
    }, {
      "d" : "1756390720933119771",
      "t" : 1756390720933,
      "tn" : 1756390720933119771,
      "q" : "6068",
      "p" : "0.06721",
      "s" : "buy",
      "i" : "ZK_USDT",
      "m" : "4611686018427946580"
    }, {
      "d" : "1756390720851112139",
      "t" : 1756390720851,
      "tn" : 1756390720851112139,
      "q" : "7340",
      "p" : "0.06703",
      "s" : "buy",
      "i" : "ZK_USDT",
      "m" : "4611686018427946579"
    }, {
      "d" : "1756390720838059732",
      "t" : 1756390720838,
      "tn" : 1756390720838059732,
      "q" : "878",
      "p" : "0.06703",
      "s" : "buy",
      "i" : "ZK_USDT",
      "m" : "4611686018427946578"
    }, {
      "d" : "1756390720154451456",
      "t" : 1756390720154,
      "tn" : 1756390720154451456,
      "q" : "6209",
      "p" : "0.06659",
      "s" : "buy",
      "i" : "ZK_USDT",
      "m" : "4611686018427946577"
    }, {
      "d" : "1756390720097188498",
      "t" : 1756390720097,
      "tn" : 1756390720097188498,
      "q" : "4004",
      "p" : "0.06636",
      "s" : "buy",
      "i" : "ZK_USDT",
      "m" : "4611686018427946576"
    }, {
      "d" : "1756390669281646452",
      "t" : 1756390669281,
      "tn" : 1756390669281646452,
      "q" : "371",
      "p" : "0.06733",
      "s" : "sell",
      "i" : "ZK_USDT",
      "m" : "4611686018427946575"
    }, {
      "d" : "1756390669265126779",
      "t" : 1756390669265,
      "tn" : 1756390669265126779,
      "q" : "4861",
      "p" : "0.06733",
      "s" : "sell",
      "i" : "ZK_USDT",
      "m" : "4611686018427946574"
    }, {
      "d" : "1756390669263186622",
      "t" : 1756390669263,
      "tn" : 1756390669263186622,
      "q" : "536",
      "p" : "0.06733",
      "s" : "sell",
      "i" : "ZK_USDT",
      "m" : "4611686018427946573"
    }, {
      "d" : "1756390668951081674",
      "t" : 1756390668951,
      "tn" : 1756390668951081674,
      "q" : "5817",
      "p" : "0.06733",
      "s" : "sell",
      "i" : "ZK_USDT",
      "m" : "4611686018427946572"
    }, {
      "d" : "1756390660064599419",
      "t" : 1756390660064,
      "tn" : 1756390660064599419,
      "q" : "780",
      "p" : "0.06684",
      "s" : "buy",
      "i" : "ZK_USDT",
      "m" : "4611686018427946571"
    }, {
      "d" : "1756390660062170658",
      "t" : 1756390660062,
      "tn" : 1756390660062170658,
      "q" : "4083",
      "p" : "0.06684",
      "s" : "buy",
      "i" : "ZK_USDT",
      "m" : "4611686018427946570"
    }, {
      "d" : "1756390600250159424",
      "t" : 1756390600250,
      "tn" : 1756390600250159424,
      "q" : "6067",
      "p" : "0.06721",
      "s" : "sell",
      "i" : "ZK_USDT",
      "m" : "4611686018427946569"
    }, {
      "d" : "1756390600230005465",
      "t" : 1756390600230,
      "tn" : 1756390600230005465,
      "q" : "5986",
      "p" : "0.06723",
      "s" : "sell",
      "i" : "ZK_USDT",
      "m" : "4611686018427946568"
    }, {
      "d" : "1756390600204970986",
      "t" : 1756390600204,
      "tn" : 1756390600204970986,
      "q" : "5839",
      "p" : "0.06722",
      "s" : "sell",
      "i" : "ZK_USDT",
      "m" : "4611686018427946567"
    }, {
      "d" : "1756390600200139764",
      "t" : 1756390600200,
      "tn" : 1756390600200139764,
      "q" : "6051",
      "p" : "0.06722",
      "s" : "sell",
      "i" : "ZK_USDT",
      "m" : "4611686018427946566"
    }, {
      "d" : "1756390599435065950",
      "t" : 1756390599435,
      "tn" : 1756390599435065950,
      "q" : "1335",
      "p" : "0.06743",
      "s" : "buy",
      "i" : "ZK_USDT",
      "m" : "4611686018427946565"
    }, {
      "d" : "1756390595622114471",
      "t" : 1756390595622,
      "tn" : 1756390595622114471,
      "q" : "3953",
      "p" : "0.06683",
      "s" : "buy",
      "i" : "ZK_USDT",
      "m" : "4611686018427946564"
    }, {
      "d" : "1756390595621541158",
      "t" : 1756390595621,
      "tn" : 1756390595621541158,
      "q" : "1347",
      "p" : "0.06683",
      "s" : "buy",
      "i" : "ZK_USDT",
      "m" : "4611686018427946563"
    }, {
      "d" : "1756390572612583767",
      "t" : 1756390572612,
      "tn" : 1756390572612583767,
      "q" : "6101",
      "p" : "0.06602",
      "s" : "buy",
      "i" : "ZK_USDT",
      "m" : "4611686018427946562"
    }, {
      "d" : "1756390572531354227",
      "t" : 1756390572531,
      "tn" : 1756390572531354227,
      "q" : "6024",
      "p" : "0.06580",
      "s" : "buy",
      "i" : "ZK_USDT",
      "m" : "4611686018427946561"
    }, {
      "d" : "1756390572507365418",
      "t" : 1756390572507,
      "tn" : 1756390572507365418,
      "q" : "4741",
      "p" : "0.06576",
      "s" : "buy",
      "i" : "ZK_USDT",
      "m" : "4611686018427946560"
    }, {
      "d" : "1756390572505037479",
      "t" : 1756390572505,
      "tn" : 1756390572505037479,
      "q" : "1369",
      "p" : "0.06576",
      "s" : "buy",
      "i" : "ZK_USDT",
      "m" : "4611686018427946559"
    }, {
      "d" : "1756390572478293428",
      "t" : 1756390572478,
      "tn" : 1756390572478293428,
      "q" : "6004",
      "p" : "0.06571",
      "s" : "buy",
      "i" : "ZK_USDT",
      "m" : "4611686018427946558"
    }, {
      "d" : "1756390566501220476",
      "t" : 1756390566501,
      "tn" : 1756390566501220476,
      "q" : "1807",
      "p" : "0.06505",
      "s" : "buy",
      "i" : "ZK_USDT",
      "m" : "4611686018427946557"
    }, {
      "d" : "1756390566475735161",
      "t" : 1756390566475,
      "tn" : 1756390566475735161,
      "q" : "1562",
      "p" : "0.06505",
      "s" : "buy",
      "i" : "ZK_USDT",
      "m" : "4611686018427946556"
    }, {
      "d" : "1756390566471991448",
      "t" : 1756390566471,
      "tn" : 1756390566471991448,
      "q" : "3369",
      "p" : "0.06505",
      "s" : "buy",
      "i" : "ZK_USDT",
      "m" : "4611686018427946555"
    }, {
      "d" : "1756390034836402171",
      "t" : 1756390034836,
      "tn" : 1756390034836402171,
      "q" : "4370",
      "p" : "0.06592",
      "s" : "buy",
      "i" : "ZK_USDT",
      "m" : "4611686018427946554"
    }, {
      "d" : "1756390034796052707",
      "t" : 1756390034796,
      "tn" : 1756390034796052707,
      "q" : "705",
      "p" : "0.06592",
      "s" : "buy",
      "i" : "ZK_USDT",
      "m" : "4611686018427946553"
    }, {
      "d" : "1756390008479927269",
      "t" : 1756390008479,
      "tn" : 1756390008479927269,
      "q" : "6054",
      "p" : "0.06562",
      "s" : "sell",
      "i" : "ZK_USDT",
      "m" : "4611686018427946552"
    }, {
      "d" : "1756390008464954559",
      "t" : 1756390008464,
      "tn" : 1756390008464954559,
      "q" : "6160",
      "p" : "0.06564",
      "s" : "sell",
      "i" : "ZK_USDT",
      "m" : "4611686018427946551"
    }, {
      "d" : "1756390008414855732",
      "t" : 1756390008414,
      "tn" : 1756390008414855732,
      "q" : "6153",
      "p" : "0.06575",
      "s" : "sell",
      "i" : "ZK_USDT",
      "m" : "4611686018427946550"
    }, {
      "d" : "1756390008389871694",
      "t" : 1756390008389,
      "tn" : 1756390008389871694,
      "q" : "6072",
      "p" : "0.06577",
      "s" : "sell",
      "i" : "ZK_USDT",
      "m" : "4611686018427946549"
    }, {
      "d" : "1756390008368282347",
      "t" : 1756390008368,
      "tn" : 1756390008368282347,
      "q" : "6241",
      "p" : "0.06580",
      "s" : "sell",
      "i" : "ZK_USDT",
      "m" : "4611686018427946548"
    }, {
      "d" : "1756389993291979112",
      "t" : 1756389993291,
      "tn" : 1756389993291979112,
      "q" : "1123",
      "p" : "0.06532",
      "s" : "buy",
      "i" : "ZK_USDT",
      "m" : "4611686018427946547"
    }, {
      "d" : "1756389993234380626",
      "t" : 1756389993234,
      "tn" : 1756389993234380626,
      "q" : "1289",
      "p" : "0.06532",
      "s" : "buy",
      "i" : "ZK_USDT",
      "m" : "4611686018427946546"
    }, {
      "d" : "1756389993186851630",
      "t" : 1756389993186,
      "tn" : 1756389993186851630,
      "q" : "1209",
      "p" : "0.06532",
      "s" : "buy",
      "i" : "ZK_USDT",
      "m" : "4611686018427946545"
    }, {
      "d" : "1756389993173210764",
      "t" : 1756389993173,
      "tn" : 1756389993173210764,
      "q" : "339",
      "p" : "0.06532",
      "s" : "buy",
      "i" : "ZK_USDT",
      "m" : "4611686018427946544"
    }, {
      "d" : "1756389993153539495",
      "t" : 1756389993153,
      "tn" : 1756389993153539495,
      "q" : "1378",
      "p" : "0.06532",
      "s" : "buy",
      "i" : "ZK_USDT",
      "m" : "4611686018427946543"
    }, {
      "d" : "1756389993135166342",
      "t" : 1756389993135,
      "tn" : 1756389993135166342,
      "q" : "1350",
      "p" : "0.06532",
      "s" : "buy",
      "i" : "ZK_USDT",
      "m" : "4611686018427946542"
    }, {
      "d" : "1756389993133126853",
      "t" : 1756389993133,
      "tn" : 1756389993133126853,
      "q" : "337",
      "p" : "0.06532",
      "s" : "buy",
      "i" : "ZK_USDT",
      "m" : "4611686018427946541"
    }, {
      "d" : "1756389993132045675",
      "t" : 1756389993132,
      "tn" : 1756389993132045675,
      "q" : "338",
      "p" : "0.06532",
      "s" : "buy",
      "i" : "ZK_USDT",
      "m" : "4611686018427946540"
    }, {
      "d" : "1756389993128179133",
      "t" : 1756389993128,
      "tn" : 1756389993128179133,
      "q" : "338",
      "p" : "0.06532",
      "s" : "buy",
      "i" : "ZK_USDT",
      "m" : "4611686018427946539"
    }, {
      "d" : "1756389993117193194",
      "t" : 1756389993117,
      "tn" : 1756389993117193194,
      "q" : "1378",
      "p" : "0.06532",
      "s" : "buy",
      "i" : "ZK_USDT",
      "m" : "4611686018427946538"
    }, {
      "d" : "1756389993116279126",
      "t" : 1756389993116,
      "tn" : 1756389993116279126,
      "q" : "1084",
      "p" : "0.06532",
      "s" : "buy",
      "i" : "ZK_USDT",
      "m" : "4611686018427946537"
    }, {
      "d" : "1756389993106252021",
      "t" : 1756389993106,
      "tn" : 1756389993106252021,
      "q" : "6232",
      "p" : "0.06533",
      "s" : "buy",
      "i" : "ZK_USDT",
      "m" : "4611686018427946536"
    }, {
      "d" : "1756389878325872063",
      "t" : 1756389878325,
      "tn" : 1756389878325872063,
      "q" : "3168",
      "p" : "0.06443",
      "s" : "sell",
      "i" : "ZK_USDT",
      "m" : "4611686018427946535"
    }, {
      "d" : "1756389874356366618",
      "t" : 1756389874356,
      "tn" : 1756389874356366618,
      "q" : "3182",
      "p" : "0.06445",
      "s" : "sell",
      "i" : "ZK_USDT",
      "m" : "4611686018427946534"
    }, {
      "d" : "1756389872048086519",
      "t" : 1756389872048,
      "tn" : 1756389872048086519,
      "q" : "3370",
      "p" : "0.06450",
      "s" : "sell",
      "i" : "ZK_USDT",
      "m" : "4611686018427946533"
    }, {
      "d" : "1756389847361443711",
      "t" : 1756389847361,
      "tn" : 1756389847361443711,
      "q" : "5401",
      "p" : "0.06450",
      "s" : "sell",
      "i" : "ZK_USDT",
      "m" : "4611686018427946532"
    }, {
      "d" : "1756388779290611259",
      "t" : 1756388779290,
      "tn" : 1756388779290611259,
      "q" : "6213",
      "p" : "0.06371",
      "s" : "buy",
      "i" : "ZK_USDT",
      "m" : "4611686018427946531"
    }, {
      "d" : "1756388779280592175",
      "t" : 1756388779280,
      "tn" : 1756388779280592175,
      "q" : "6359",
      "p" : "0.06369",
      "s" : "buy",
      "i" : "ZK_USDT",
      "m" : "4611686018427946530"
    }, {
      "d" : "1756388777583354565",
      "t" : 1756388777583,
      "tn" : 1756388777583354565,
      "q" : "6308",
      "p" : "0.06348",
      "s" : "buy",
      "i" : "ZK_USDT",
      "m" : "4611686018427946529"
    }, {
      "d" : "1756388777575464625",
      "t" : 1756388777575,
      "tn" : 1756388777575464625,
      "q" : "6335",
      "p" : "0.06349",
      "s" : "buy",
      "i" : "ZK_USDT",
      "m" : "4611686018427946528"
    }, {
      "d" : "1756388667442281876",
      "t" : 1756388667442,
      "tn" : 1756388667442281876,
      "q" : "6469",
      "p" : "0.06315",
      "s" : "buy",
      "i" : "ZK_USDT",
      "m" : "4611686018427946527"
    }, {
      "d" : "1756382012304974959",
      "t" : 1756382012304,
      "tn" : 1756382012304974959,
      "q" : "5751",
      "p" : "0.06275",
      "s" : "buy",
      "i" : "ZK_USDT",
      "m" : "4611686018427946526"
    }, {
      "d" : "1756377286110424586",
      "t" : 1756377286110,
      "tn" : 1756377286110424586,
      "q" : "3875",
      "p" : "0.06242",
      "s" : "sell",
      "i" : "ZK_USDT",
      "m" : "4611686018427946525"
    } ]
  }
}