{
  "id" : -1,
  "method" : "public/get-trades",
  "code" : 0,
  "result" : {
    "data" : [ {
      "d" : "1756451055680099173",
      "t" : 1756451055680,
      "tn" : 1756451055680099173,
      "q" : "31.5",
      "p" : "1.04650",
      "s" : "sell",
      "i" : "ZKCRO_CRO",
      "m" : "4611686018427686319"
    }, {
      "d" : "1756451055680096850",
      "t" : 1756451055680,
      "tn" : 1756451055680096850,
      "q" : "11.5",
      "p" : "1.04651",
      "s" : "sell",
      "i" : "ZKCRO_CRO",
      "m" : "4611686018427686318"
    }, {
      "d" : "1756449634488591250",
      "t" : 1756449634488,
      "tn" : 1756449634488591250,
      "q" : "194.1",
      "p" : "1.04689",
      "s" : "buy",
      "i" : "ZKCRO_CRO",
      "m" : "4611686018427686317"
    }, {
      "d" : "1756449633933861127",
      "t" : 1756449633933,
      "tn" : 1756449633933861127,
      "q" : "44.0",
      "p" : "1.04977",
      "s" : "buy",
      "i" : "ZKCRO_CRO",
      "m" : "4611686018427686316"
    }, {
      "d" : "1756444473977776045",
      "t" : 1756444473977,
      "tn" : 1756444473977776045,
      "q" : "11.0",
      "p" : "1.04964",
      "s" : "buy",
      "i" : "ZKCRO_CRO",
      "m" : "4611686018427686315"
    }, {
      "d" : "1756440019859226769",
      "t" : 1756440019859,
      "tn" : 1756440019859226769,
      "q" : "38.0",
      "p" : "1.04888",
      "s" : "buy",
      "i" : "ZKCRO_CRO",
      "m" : "4611686018427686314"
    }, {
      "d" : "1756439301223077318",
      "t" : 1756439301223,
      "tn" : 1756439301223077318,
      "q" : "37.0",
      "p" : "1.06325",
      "s" : "buy",
      "i" : "ZKCRO_CRO",
      "m" : "4611686018427686313"
    }, {
      "d" : "1756434155518340011",
      "t" : 1756434155518,
      "tn" : 1756434155518340011,
      "q" : "37.0",
      "p" : "1.06148",
      "s" : "buy",
      "i" : "ZKCRO_CRO",
      "m" : "4611686018427686312"
    }, {
      "d" : "1756431602518604210",
      "t" : 1756431602518,
      "tn" : 1756431602518604210,
      "q" : "5.8",
      "p" : "1.06072",
      "s" : "buy",
      "i" : "ZKCRO_CRO",
      "m" : "4611686018427686311"
    }, {
      "d" : "1756427761146117896",
      "t" : 1756427761146,
      "tn" : 1756427761146117896,
      "q" : "152.9",
      "p" : "1.05665",
      "s" : "sell",
      "i" : "ZKCRO_CRO",
      "m" : "4611686018427686310"
    }, {
      "d" : "1756427535628813434",
      "t" : 1756427535628,
      "tn" : 1756427535628813434,
      "q" : "260.1",
      "p" : "1.05620",
      "s" : "sell",
      "i" : "ZKCRO_CRO",
      "m" : "4611686018427686309"
    }, {
      "d" : "1756427535627258785",
      "t" : 1756427535627,
      "tn" : 1756427535627258785,
      "q" : "670.0",
      "p" : "1.05620",
      "s" : "sell",
      "i" : "ZKCRO_CRO",
      "m" : "4611686018427686308"
    }, {
      "d" : "1756427535625569893",
      "t" : 1756427535625,
      "tn" : 1756427535625569893,
      "q" : "670.0",
      "p" : "1.05620",
      "s" : "sell",
      "i" : "ZKCRO_CRO",
      "m" : "4611686018427686307"
    }, {
      "d" : "1756425802685062063",
      "t" : 1756425802685,
      "tn" : 1756425802685062063,
      "q" : "867.9",
      "p" : "1.05428",
      "s" : "sell",
      "i" : "ZKCRO_CRO",
      "m" : "4611686018427686306"
    }, {
      "d" : "1756425794190990944",
      "t" : 1756425794190,
      "tn" : 1756425794190990944,
      "q" : "864.1",
      "p" : "1.05428",
      "s" : "sell",
      "i" : "ZKCRO_CRO",
      "m" : "4611686018427686305"
    }, {
      "d" : "1756425784963278845",
      "t" : 1756425784963,
      "tn" : 1756425784963278845,
      "q" : "869.4",
      "p" : "1.05428",
      "s" : "sell",
      "i" : "ZKCRO_CRO",
      "m" : "4611686018427686304"
    }, {
      "d" : "1756425773026272538",
      "t" : 1756425773026,
      "tn" : 1756425773026272538,
      "q" : "28.8",
      "p" : "1.05428",
      "s" : "sell",
      "i" : "ZKCRO_CRO",
      "m" : "4611686018427686303"
    }, {
      "d" : "1756425772933145121",
      "t" : 1756425772933,
      "tn" : 1756425772933145121,
      "q" : "28.8",
      "p" : "1.05428",
      "s" : "sell",
      "i" : "ZKCRO_CRO",
      "m" : "4611686018427686302"
    }, {
      "d" : "1756425736341877139",
      "t" : 1756425736341,
      "tn" : 1756425736341877139,
      "q" : "46.0",
      "p" : "1.05793",
      "s" : "buy",
      "i" : "ZKCRO_CRO",
      "m" : "4611686018427686301"
    }, {
      "d" : "1756422464323554484",
      "t" : 1756422464323,
      "tn" : 1756422464323554484,
      "q" : "39.0",
      "p" : "1.05524",
      "s" : "sell",
      "i" : "ZKCRO_CRO",
      "m" : "4611686018427686300"
    }, {
      "d" : "1756417628439776819",
      "t" : 1756417628439,
      "tn" : 1756417628439776819,
      "q" : "379.9",
      "p" : "1.06179",
      "s" : "sell",
      "i" : "ZKCRO_CRO",
      "m" : "4611686018427686299"
    }, {
      "d" : "1756417628435872987",
      "t" : 1756417628435,
      "tn" : 1756417628435872987,
      "q" : "494.0",
      "p" : "1.06179",
      "s" : "sell",
      "i" : "ZKCRO_CRO",
      "m" : "4611686018427686298"
    }, {
      "d" : "1756417628434327313",
      "t" : 1756417628434,
      "tn" : 1756417628434327313,
      "q" : "597.7",
      "p" : "1.06179",
      "s" : "sell",
      "i" : "ZKCRO_CRO",
      "m" : "4611686018427686297"
    }, {
      "d" : "1756417628432719651",
      "t" : 1756417628432,
      "tn" : 1756417628432719651,
      "q" : "597.7",
      "p" : "1.06179",
      "s" : "sell",
      "i" : "ZKCRO_CRO",
      "m" : "4611686018427686296"
    }, {
      "d" : "1756417628431127888",
      "t" : 1756417628431,
      "tn" : 1756417628431127888,
      "q" : "597.7",
      "p" : "1.06179",
      "s" : "sell",
      "i" : "ZKCRO_CRO",
      "m" : "4611686018427686295"
    }, {
      "d" : "1756417628423348441",
      "t" : 1756417628423,
      "tn" : 1756417628423348441,
      "q" : "407.3",
      "p" : "1.06179",
      "s" : "sell",
      "i" : "ZKCRO_CRO",
      "m" : "4611686018427686294"
    }, {
      "d" : "1756417627665870583",
      "t" : 1756417627665,
      "tn" : 1756417627665870583,
      "q" : "42.0",
      "p" : "1.05891",
      "s" : "sell",
      "i" : "ZKCRO_CRO",
      "m" : "4611686018427686293"
    }, {
      "d" : "1756417452382892972",
      "t" : 1756417452382,
      "tn" : 1756417452382892972,
      "q" : "5.6",
      "p" : "1.06059",
      "s" : "sell",
      "i" : "ZKCRO_CRO",
      "m" : "4611686018427686292"
    }, {
      "d" : "1756417251996335826",
      "t" : 1756417251996,
      "tn" : 1756417251996335826,
      "q" : "38.0",
      "p" : "1.06071",
      "s" : "sell",
      "i" : "ZKCRO_CRO",
      "m" : "4611686018427686291"
    }, {
      "d" : "1756416263786491880",
      "t" : 1756416263786,
      "tn" : 1756416263786491880,
      "q" : "44.0",
      "p" : "1.06413",
      "s" : "buy",
      "i" : "ZKCRO_CRO",
      "m" : "4611686018427686290"
    }, {
      "d" : "1756406394161547260",
      "t" : 1756406394161,
      "tn" : 1756406394161547260,
      "q" : "333.0",
      "p" : "1.06188",
      "s" : "sell",
      "i" : "ZKCRO_CRO",
      "m" : "4611686018427686289"
    }, {
      "d" : "1756406394153835170",
      "t" : 1756406394153,
      "tn" : 1756406394153835170,
      "q" : "239.0",
      "p" : "1.06188",
      "s" : "sell",
      "i" : "ZKCRO_CRO",
      "m" : "4611686018427686288"
    }, {
      "d" : "1756406394152356337",
      "t" : 1756406394152,
      "tn" : 1756406394152356337,
      "q" : "572.3",
      "p" : "1.06188",
      "s" : "sell",
      "i" : "ZKCRO_CRO",
      "m" : "4611686018427686287"
    }, {
      "d" : "1756406394150886361",
      "t" : 1756406394150,
      "tn" : 1756406394150886361,
      "q" : "572.3",
      "p" : "1.06188",
      "s" : "sell",
      "i" : "ZKCRO_CRO",
      "m" : "4611686018427686286"
    }, {
      "d" : "1756406394149456519",
      "t" : 1756406394149,
      "tn" : 1756406394149456519,
      "q" : "572.3",
      "p" : "1.06188",
      "s" : "sell",
      "i" : "ZKCRO_CRO",
      "m" : "4611686018427686285"
    }, {
      "d" : "1756406394136080508",
      "t" : 1756406394136,
      "tn" : 1756406394136080508,
      "q" : "572.4",
      "p" : "1.06188",
      "s" : "sell",
      "i" : "ZKCRO_CRO",
      "m" : "4611686018427686284"
    }, {
      "d" : "1756406394094393267",
      "t" : 1756406394094,
      "tn" : 1756406394094393267,
      "q" : "46.0",
      "p" : "1.06188",
      "s" : "sell",
      "i" : "ZKCRO_CRO",
      "m" : "4611686018427686283"
    }, {
      "d" : "1756402835946434022",
      "t" : 1756402835946,
      "tn" : 1756402835946434022,
      "q" : "404.0",
      "p" : "1.06176",
      "s" : "sell",
      "i" : "ZKCRO_CRO",
      "m" : "4611686018427686282"
    }, {
      "d" : "1756402571682413845",
      "t" : 1756402571682,
      "tn" : 1756402571682413845,
      "q" : "37.0",
      "p" : "1.06176",
      "s" : "sell",
      "i" : "ZKCRO_CRO",
      "m" : "4611686018427686281"
    }, {
      "d" : "1756401989611778932",
      "t" : 1756401989611,
      "tn" : 1756401989611778932,
      "q" : "557.2",
      "p" : "1.06165",
      "s" : "sell",
      "i" : "ZKCRO_CRO",
      "m" : "4611686018427686280"
    }, {
      "d" : "1756401989551825565",
      "t" : 1756401989551,
      "tn" : 1756401989551825565,
      "q" : "241.3",
      "p" : "1.06165",
      "s" : "sell",
      "i" : "ZKCRO_CRO",
      "m" : "4611686018427686279"
    }, {
      "d" : "1756401199853700094",
      "t" : 1756401199853,
      "tn" : 1756401199853700094,
      "q" : "125.3",
      "p" : "1.06466",
      "s" : "sell",
      "i" : "ZKCRO_CRO",
      "m" : "4611686018427686278"
    }, {
      "d" : "1756399645579662008",
      "t" : 1756399645579,
      "tn" : 1756399645579662008,
      "q" : "275.3",
      "p" : "1.06182",
      "s" : "sell",
      "i" : "ZKCRO_CRO",
      "m" : "4611686018427686277"
    }, {
      "d" : "1756399645519656083",
      "t" : 1756399645519,
      "tn" : 1756399645519656083,
      "q" : "33.9",
      "p" : "1.06182",
      "s" : "sell",
      "i" : "ZKCRO_CRO",
      "m" : "4611686018427686276"
    }, {
      "d" : "1756399642917694292",
      "t" : 1756399642917,
      "tn" : 1756399642917694292,
      "q" : "476.6",
      "p" : "1.05894",
      "s" : "sell",
      "i" : "ZKCRO_CRO",
      "m" : "4611686018427686275"
    }, {
      "d" : "1756399513838814316",
      "t" : 1756399513838,
      "tn" : 1756399513838814316,
      "q" : "242.0",
      "p" : "1.05884",
      "s" : "sell",
      "i" : "ZKCRO_CRO",
      "m" : "4611686018427686274"
    }, {
      "d" : "1756399513837342112",
      "t" : 1756399513837,
      "tn" : 1756399513837342112,
      "q" : "242.0",
      "p" : "1.05884",
      "s" : "sell",
      "i" : "ZKCRO_CRO",
      "m" : "4611686018427686273"
    }, {
      "d" : "1756399513835858283",
      "t" : 1756399513835,
      "tn" : 1756399513835858283,
      "q" : "242.0",
      "p" : "1.05884",
      "s" : "sell",
      "i" : "ZKCRO_CRO",
      "m" : "4611686018427686272"
    }, {
      "d" : "1756399513834233615",
      "t" : 1756399513834,
      "tn" : 1756399513834233615,
      "q" : "242.0",
      "p" : "1.05884",
      "s" : "sell",
      "i" : "ZKCRO_CRO",
      "m" : "4611686018427686271"
    }, {
      "d" : "1756398658664468955",
      "t" : 1756398658664,
      "tn" : 1756398658664468955,
      "q" : "571.5",
      "p" : "1.06302",
      "s" : "sell",
      "i" : "ZKCRO_CRO",
      "m" : "4611686018427686270"
    }, {
      "d" : "1756398655888807767",
      "t" : 1756398655888,
      "tn" : 1756398655888807767,
      "q" : "29.3",
      "p" : "1.06290",
      "s" : "sell",
      "i" : "ZKCRO_CRO",
      "m" : "4611686018427686269"
    }, {
      "d" : "1756398655870141943",
      "t" : 1756398655870,
      "tn" : 1756398655870141943,
      "q" : "29.3",
      "p" : "1.06290",
      "s" : "sell",
      "i" : "ZKCRO_CRO",
      "m" : "4611686018427686268"
    }, {
      "d" : "1756398655854519639",
      "t" : 1756398655854,
      "tn" : 1756398655854519639,
      "q" : "29.3",
      "p" : "1.06290",
      "s" : "sell",
      "i" : "ZKCRO_CRO",
      "m" : "4611686018427686267"
    }, {
      "d" : "1756398655832369379",
      "t" : 1756398655832,
      "tn" : 1756398655832369379,
      "q" : "29.3",
      "p" : "1.06290",
      "s" : "sell",
      "i" : "ZKCRO_CRO",
      "m" : "4611686018427686266"
    }, {
      "d" : "1756398655816072441",
      "t" : 1756398655816,
      "tn" : 1756398655816072441,
      "q" : "29.3",
      "p" : "1.06290",
      "s" : "sell",
      "i" : "ZKCRO_CRO",
      "m" : "4611686018427686265"
    }, {
      "d" : "1756398655797962439",
      "t" : 1756398655797,
      "tn" : 1756398655797962439,
      "q" : "29.3",
      "p" : "1.06290",
      "s" : "sell",
      "i" : "ZKCRO_CRO",
      "m" : "4611686018427686264"
    }, {
      "d" : "1756398655780358717",
      "t" : 1756398655780,
      "tn" : 1756398655780358717,
      "q" : "29.3",
      "p" : "1.06290",
      "s" : "sell",
      "i" : "ZKCRO_CRO",
      "m" : "4611686018427686263"
    }, {
      "d" : "1756398655761795757",
      "t" : 1756398655761,
      "tn" : 1756398655761795757,
      "q" : "29.3",
      "p" : "1.06290",
      "s" : "sell",
      "i" : "ZKCRO_CRO",
      "m" : "4611686018427686262"
    }, {
      "d" : "1756398655747821911",
      "t" : 1756398655747,
      "tn" : 1756398655747821911,
      "q" : "29.3",
      "p" : "1.06233",
      "s" : "sell",
      "i" : "ZKCRO_CRO",
      "m" : "4611686018427686261"
    }, {
      "d" : "1756398655727967349",
      "t" : 1756398655727,
      "tn" : 1756398655727967349,
      "q" : "29.3",
      "p" : "1.06233",
      "s" : "sell",
      "i" : "ZKCRO_CRO",
      "m" : "4611686018427686260"
    }, {
      "d" : "1756398655688314498",
      "t" : 1756398655688,
      "tn" : 1756398655688314498,
      "q" : "29.3",
      "p" : "1.06233",
      "s" : "sell",
      "i" : "ZKCRO_CRO",
      "m" : "4611686018427686259"
    }, {
      "d" : "1756398655646514936",
      "t" : 1756398655646,
      "tn" : 1756398655646514936,
      "q" : "29.3",
      "p" : "1.06233",
      "s" : "sell",
      "i" : "ZKCRO_CRO",
      "m" : "4611686018427686258"
    }, {
      "d" : "1756398655628549983",
      "t" : 1756398655628,
      "tn" : 1756398655628549983,
      "q" : "29.3",
      "p" : "1.06233",
      "s" : "sell",
      "i" : "ZKCRO_CRO",
      "m" : "4611686018427686257"
    }, {
      "d" : "1756398655609557689",
      "t" : 1756398655609,
      "tn" : 1756398655609557689,
      "q" : "29.3",
      "p" : "1.06233",
      "s" : "sell",
      "i" : "ZKCRO_CRO",
      "m" : "4611686018427686256"
    }, {
      "d" : "1756398655592291370",
      "t" : 1756398655592,
      "tn" : 1756398655592291370,
      "q" : "29.3",
      "p" : "1.06233",
      "s" : "sell",
      "i" : "ZKCRO_CRO",
      "m" : "4611686018427686255"
    }, {
      "d" : "1756398655461892216",
      "t" : 1756398655461,
      "tn" : 1756398655461892216,
      "q" : "30.2",
      "p" : "1.05945",
      "s" : "sell",
      "i" : "ZKCRO_CRO",
      "m" : "4611686018427686254"
    }, {
      "d" : "1756393067185489451",
      "t" : 1756393067185,
      "tn" : 1756393067185489451,
      "q" : "242.0",
      "p" : "1.05901",
      "s" : "sell",
      "i" : "ZKCRO_CRO",
      "m" : "4611686018427686253"
    }, {
      "d" : "1756392030054570364",
      "t" : 1756392030054,
      "tn" : 1756392030054570364,
      "q" : "62.0",
      "p" : "1.06282",
      "s" : "buy",
      "i" : "ZKCRO_CRO",
      "m" : "4611686018427686252"
    }, {
      "d" : "1756391685977289915",
      "t" : 1756391685977,
      "tn" : 1756391685977289915,
      "q" : "70.0",
      "p" : "1.06259",
      "s" : "buy",
      "i" : "ZKCRO_CRO",
      "m" : "4611686018427686251"
    }, {
      "d" : "1756389625417533177",
      "t" : 1756389625417,
      "tn" : 1756389625417533177,
      "q" : "9.0",
      "p" : "1.06141",
      "s" : "buy",
      "i" : "ZKCRO_CRO",
      "m" : "4611686018427686250"
    }, {
      "d" : "1756387171738389696",
      "t" : 1756387171738,
      "tn" : 1756387171738389696,
      "q" : "145.0",
      "p" : "1.05914",
      "s" : "sell",
      "i" : "ZKCRO_CRO",
      "m" : "4611686018427686249"
    }, {
      "d" : "1756383822435145024",
      "t" : 1756383822435,
      "tn" : 1756383822435145024,
      "q" : "34.0",
      "p" : "1.06055",
      "s" : "buy",
      "i" : "ZKCRO_CRO",
      "m" : "4611686018427686248"
    }, {
      "d" : "1756383373166257352",
      "t" : 1756383373166,
      "tn" : 1756383373166257352,
      "q" : "2932.2",
      "p" : "1.06165",
      "s" : "sell",
      "i" : "ZKCRO_CRO",
      "m" : "4611686018427686247"
    }, {
      "d" : "1756383107145403391",
      "t" : 1756383107145,
      "tn" : 1756383107145403391,
      "q" : "48.0",
      "p" : "1.05649",
      "s" : "sell",
      "i" : "ZKCRO_CRO",
      "m" : "4611686018427686246"
    }, {
      "d" : "1756382693124204394",
      "t" : 1756382693124,
      "tn" : 1756382693124204394,
      "q" : "31.0",
      "p" : "1.04372",
      "s" : "sell",
      "i" : "ZKCRO_CRO",
      "m" : "4611686018427686245"
    }, {
      "d" : "1756382481165008101",
      "t" : 1756382481165,
      "tn" : 1756382481165008101,
      "q" : "769.2",
      "p" : "1.06183",
      "s" : "buy",
      "i" : "ZKCRO_CRO",
      "m" : "4611686018427686244"
    }, {
      "d" : "1756382473118301886",
      "t" : 1756382473118,
      "tn" : 1756382473118301886,
      "q" : "1058.5",
      "p" : "1.04375",
      "s" : "buy",
      "i" : "ZKCRO_CRO",
      "m" : "4611686018427686243"
    }, {
      "d" : "1756382420820376454",
      "t" : 1756382420820,
      "tn" : 1756382420820376454,
      "q" : "224.0",
      "p" : "1.04445",
      "s" : "sell",
      "i" : "ZKCRO_CRO",
      "m" : "4611686018427686242"
    }, {
      "d" : "1756382281099181034",
      "t" : 1756382281099,
      "tn" : 1756382281099181034,
      "q" : "89.8",
      "p" : "1.04445",
      "s" : "sell",
      "i" : "ZKCRO_CRO",
      "m" : "4611686018427686241"
    }, {
      "d" : "1756381899207991921",
      "t" : 1756381899207,
      "tn" : 1756381899207991921,
      "q" : "776.6",
      "p" : "1.04541",
      "s" : "sell",
      "i" : "ZKCRO_CRO",
      "m" : "4611686018427686240"
    }, {
      "d" : "1756381891060620347",
      "t" : 1756381891060,
      "tn" : 1756381891060620347,
      "q" : "349.1",
      "p" : "1.06323",
      "s" : "sell",
      "i" : "ZKCRO_CRO",
      "m" : "4611686018427686239"
    }, {
      "d" : "1756381890815186171",
      "t" : 1756381890815,
      "tn" : 1756381890815186171,
      "q" : "555.5",
      "p" : "1.06266",
      "s" : "sell",
      "i" : "ZKCRO_CRO",
      "m" : "4611686018427686238"
    }, {
      "d" : "1756381890814024213",
      "t" : 1756381890814,
      "tn" : 1756381890814024213,
      "q" : "628.5",
      "p" : "1.06266",
      "s" : "sell",
      "i" : "ZKCRO_CRO",
      "m" : "4611686018427686237"
    }, {
      "d" : "1756381889244401893",
      "t" : 1756381889244,
      "tn" : 1756381889244401893,
      "q" : "776.9",
      "p" : "1.05978",
      "s" : "sell",
      "i" : "ZKCRO_CRO",
      "m" : "4611686018427686236"
    }, {
      "d" : "1756381884158610688",
      "t" : 1756381884158,
      "tn" : 1756381884158610688,
      "q" : "573.5",
      "p" : "1.05978",
      "s" : "sell",
      "i" : "ZKCRO_CRO",
      "m" : "4611686018427686235"
    }, {
      "d" : "1756381880142227579",
      "t" : 1756381880142,
      "tn" : 1756381880142227579,
      "q" : "3.7",
      "p" : "1.05978",
      "s" : "sell",
      "i" : "ZKCRO_CRO",
      "m" : "4611686018427686234"
    }, {
      "d" : "1756381880137235458",
      "t" : 1756381880137,
      "tn" : 1756381880137235458,
      "q" : "573.5",
      "p" : "1.05978",
      "s" : "sell",
      "i" : "ZKCRO_CRO",
      "m" : "4611686018427686233"
    }, {
      "d" : "1756381880127229069",
      "t" : 1756381880127,
      "tn" : 1756381880127229069,
      "q" : "3.7",
      "p" : "1.05978",
      "s" : "sell",
      "i" : "ZKCRO_CRO",
      "m" : "4611686018427686232"
    }, {
      "d" : "1756381880082210230",
      "t" : 1756381880082,
      "tn" : 1756381880082210230,
      "q" : "3.7",
      "p" : "1.05978",
      "s" : "sell",
      "i" : "ZKCRO_CRO",
      "m" : "4611686018427686231"
    }, {
      "d" : "1756381880057379527",
      "t" : 1756381880057,
      "tn" : 1756381880057379527,
      "q" : "3.7",
      "p" : "1.05978",
      "s" : "sell",
      "i" : "ZKCRO_CRO",
      "m" : "4611686018427686230"
    }, {
      "d" : "1756377560757240242",
      "t" : 1756377560757,
      "tn" : 1756377560757240242,
      "q" : "250.0",
      "p" : "1.05428",
      "s" : "sell",
      "i" : "ZKCRO_CRO",
      "m" : "4611686018427686229"
    }, {
      "d" : "1756377045441289352",
      "t" : 1756377045441,
      "tn" : 1756377045441289352,
      "q" : "0.2",
      "p" : "1.05787",
      "s" : "buy",
      "i" : "ZKCRO_CRO",
      "m" : "4611686018427686228"
    } ]
  }
}