{
  "id" : -1,
  "method" : "public/get-trades",
  "code" : 0,
  "result" : {
    "data" : [ {
      "d" : "1756449634489481105",
      "t" : 1756449634489,
      "tn" : 1756449634489481105,
      "q" : "194",
      "p" : "0.31099",
      "s" : "sell",
      "i" : "ZKCRO_USD",
      "m" : "4611686018427398813"
    }, {
      "d" : "1756427761145300582",
      "t" : 1756427761145,
      "tn" : 1756427761145300582,
      "q" : "153",
      "p" : "0.33951",
      "s" : "buy",
      "i" : "ZKCRO_USD",
      "m" : "4611686018427398812"
    }, {
      "d" : "1756427535629531320",
      "t" : 1756427535629,
      "tn" : 1756427535629531320,
      "q" : "260",
      "p" : "0.33274",
      "s" : "buy",
      "i" : "ZKCRO_USD",
      "m" : "4611686018427398811"
    }, {
      "d" : "1756427535628002936",
      "t" : 1756427535628,
      "tn" : 1756427535628002936,
      "q" : "670",
      "p" : "0.33274",
      "s" : "buy",
      "i" : "ZKCRO_USD",
      "m" : "4611686018427398810"
    }, {
      "d" : "1756427535626399273",
      "t" : 1756427535626,
      "tn" : 1756427535626399273,
      "q" : "670",
      "p" : "0.33274",
      "s" : "buy",
      "i" : "ZKCRO_USD",
      "m" : "4611686018427398809"
    }, {
      "d" : "1756425784853446853",
      "t" : 1756425784853,
      "tn" : 1756425784853446853,
      "q" : "28",
      "p" : "0.35062",
      "s" : "buy",
      "i" : "ZKCRO_USD",
      "m" : "4611686018427398808"
    }, {
      "d" : "1756422150949751786",
      "t" : 1756422150949,
      "tn" : 1756422150949751786,
      "q" : "23",
      "p" : "0.35372",
      "s" : "sell",
      "i" : "ZKCRO_USD",
      "m" : "4611686018427398807"
    }, {
      "d" : "1756421588748563352",
      "t" : 1756421588748,
      "tn" : 1756421588748563352,
      "q" : "61",
      "p" : "0.35550",
      "s" : "buy",
      "i" : "ZKCRO_USD",
      "m" : "4611686018427398806"
    }, {
      "d" : "1756417628440491347",
      "t" : 1756417628440,
      "tn" : 1756417628440491347,
      "q" : "379",
      "p" : "0.34351",
      "s" : "buy",
      "i" : "ZKCRO_USD",
      "m" : "4611686018427398805"
    }, {
      "d" : "1756417628436560496",
      "t" : 1756417628436,
      "tn" : 1756417628436560496,
      "q" : "494",
      "p" : "0.34351",
      "s" : "buy",
      "i" : "ZKCRO_USD",
      "m" : "4611686018427398804"
    }, {
      "d" : "1756417628435017471",
      "t" : 1756417628435,
      "tn" : 1756417628435017471,
      "q" : "597",
      "p" : "0.34351",
      "s" : "buy",
      "i" : "ZKCRO_USD",
      "m" : "4611686018427398803"
    }, {
      "d" : "1756417628433471378",
      "t" : 1756417628433,
      "tn" : 1756417628433471378,
      "q" : "597",
      "p" : "0.34351",
      "s" : "buy",
      "i" : "ZKCRO_USD",
      "m" : "4611686018427398802"
    }, {
      "d" : "1756417628431847963",
      "t" : 1756417628431,
      "tn" : 1756417628431847963,
      "q" : "597",
      "p" : "0.34351",
      "s" : "buy",
      "i" : "ZKCRO_USD",
      "m" : "4611686018427398801"
    }, {
      "d" : "1756417628424112664",
      "t" : 1756417628424,
      "tn" : 1756417628424112664,
      "q" : "407",
      "p" : "0.34351",
      "s" : "buy",
      "i" : "ZKCRO_USD",
      "m" : "4611686018427398800"
    }, {
      "d" : "1756417452383651895",
      "t" : 1756417452383,
      "tn" : 1756417452383651895,
      "q" : "5",
      "p" : "0.34288",
      "s" : "buy",
      "i" : "ZKCRO_USD",
      "m" : "4611686018427398799"
    }, {
      "d" : "1756406394162242425",
      "t" : 1756406394162,
      "tn" : 1756406394162242425,
      "q" : "333",
      "p" : "0.33666",
      "s" : "buy",
      "i" : "ZKCRO_USD",
      "m" : "4611686018427398798"
    }, {
      "d" : "1756406394154509597",
      "t" : 1756406394154,
      "tn" : 1756406394154509597,
      "q" : "239",
      "p" : "0.33666",
      "s" : "buy",
      "i" : "ZKCRO_USD",
      "m" : "4611686018427398797"
    }, {
      "d" : "1756406394153046509",
      "t" : 1756406394153,
      "tn" : 1756406394153046509,
      "q" : "572",
      "p" : "0.33666",
      "s" : "buy",
      "i" : "ZKCRO_USD",
      "m" : "4611686018427398796"
    }, {
      "d" : "1756406394151618673",
      "t" : 1756406394151,
      "tn" : 1756406394151618673,
      "q" : "572",
      "p" : "0.33666",
      "s" : "buy",
      "i" : "ZKCRO_USD",
      "m" : "4611686018427398795"
    }, {
      "d" : "1756406394150156309",
      "t" : 1756406394150,
      "tn" : 1756406394150156309,
      "q" : "572",
      "p" : "0.33666",
      "s" : "buy",
      "i" : "ZKCRO_USD",
      "m" : "4611686018427398794"
    }, {
      "d" : "1756406394136769451",
      "t" : 1756406394136,
      "tn" : 1756406394136769451,
      "q" : "572",
      "p" : "0.33666",
      "s" : "buy",
      "i" : "ZKCRO_USD",
      "m" : "4611686018427398793"
    }, {
      "d" : "1756402835947337223",
      "t" : 1756402835947,
      "tn" : 1756402835947337223,
      "q" : "404",
      "p" : "0.32696",
      "s" : "buy",
      "i" : "ZKCRO_USD",
      "m" : "4611686018427398792"
    }, {
      "d" : "1756401989611792922",
      "t" : 1756401989611,
      "tn" : 1756401989611792922,
      "q" : "557",
      "p" : "0.31758",
      "s" : "buy",
      "i" : "ZKCRO_USD",
      "m" : "4611686018427398791"
    }, {
      "d" : "1756401989551921268",
      "t" : 1756401989551,
      "tn" : 1756401989551921268,
      "q" : "241",
      "p" : "0.31758",
      "s" : "buy",
      "i" : "ZKCRO_USD",
      "m" : "4611686018427398790"
    }, {
      "d" : "1756401199854500283",
      "t" : 1756401199854,
      "tn" : 1756401199854500283,
      "q" : "240",
      "p" : "0.31243",
      "s" : "buy",
      "i" : "ZKCRO_USD",
      "m" : "4611686018427398789"
    }, {
      "d" : "1756399645580552807",
      "t" : 1756399645580,
      "tn" : 1756399645580552807,
      "q" : "275",
      "p" : "0.31866",
      "s" : "buy",
      "i" : "ZKCRO_USD",
      "m" : "4611686018427398788"
    }, {
      "d" : "1756399645520761608",
      "t" : 1756399645520,
      "tn" : 1756399645520761608,
      "q" : "33",
      "p" : "0.31866",
      "s" : "buy",
      "i" : "ZKCRO_USD",
      "m" : "4611686018427398787"
    }, {
      "d" : "1756399642918659731",
      "t" : 1756399642918,
      "tn" : 1756399642918659731,
      "q" : "476",
      "p" : "0.31679",
      "s" : "buy",
      "i" : "ZKCRO_USD",
      "m" : "4611686018427398786"
    }, {
      "d" : "1756399513929927485",
      "t" : 1756399513929,
      "tn" : 1756399513929927485,
      "q" : "30",
      "p" : "0.32430",
      "s" : "buy",
      "i" : "ZKCRO_USD",
      "m" : "4611686018427398785"
    }, {
      "d" : "1756399513855310052",
      "t" : 1756399513855,
      "tn" : 1756399513855310052,
      "q" : "30",
      "p" : "0.32430",
      "s" : "buy",
      "i" : "ZKCRO_USD",
      "m" : "4611686018427398784"
    }, {
      "d" : "1756399513839507935",
      "t" : 1756399513839,
      "tn" : 1756399513839507935,
      "q" : "242",
      "p" : "0.32430",
      "s" : "buy",
      "i" : "ZKCRO_USD",
      "m" : "4611686018427398783"
    }, {
      "d" : "1756399513838031998",
      "t" : 1756399513838,
      "tn" : 1756399513838031998,
      "q" : "242",
      "p" : "0.32430",
      "s" : "buy",
      "i" : "ZKCRO_USD",
      "m" : "4611686018427398782"
    }, {
      "d" : "1756399513836565519",
      "t" : 1756399513836,
      "tn" : 1756399513836565519,
      "q" : "242",
      "p" : "0.32430",
      "s" : "buy",
      "i" : "ZKCRO_USD",
      "m" : "4611686018427398781"
    }, {
      "d" : "1756399513835052812",
      "t" : 1756399513835,
      "tn" : 1756399513835052812,
      "q" : "242",
      "p" : "0.32430",
      "s" : "buy",
      "i" : "ZKCRO_USD",
      "m" : "4611686018427398780"
    }, {
      "d" : "1756398658665261037",
      "t" : 1756398658665,
      "tn" : 1756398658665261037,
      "q" : "571",
      "p" : "0.34183",
      "s" : "buy",
      "i" : "ZKCRO_USD",
      "m" : "4611686018427398779"
    }, {
      "d" : "1756398655877324697",
      "t" : 1756398655877,
      "tn" : 1756398655877324697,
      "q" : "29",
      "p" : "0.34082",
      "s" : "buy",
      "i" : "ZKCRO_USD",
      "m" : "4611686018427398778"
    }, {
      "d" : "1756398655862777093",
      "t" : 1756398655862,
      "tn" : 1756398655862777093,
      "q" : "29",
      "p" : "0.34082",
      "s" : "buy",
      "i" : "ZKCRO_USD",
      "m" : "4611686018427398777"
    }, {
      "d" : "1756398655839906175",
      "t" : 1756398655839,
      "tn" : 1756398655839906175,
      "q" : "29",
      "p" : "0.34082",
      "s" : "buy",
      "i" : "ZKCRO_USD",
      "m" : "4611686018427398776"
    }, {
      "d" : "1756398655824731141",
      "t" : 1756398655824,
      "tn" : 1756398655824731141,
      "q" : "29",
      "p" : "0.34082",
      "s" : "buy",
      "i" : "ZKCRO_USD",
      "m" : "4611686018427398775"
    }, {
      "d" : "1756398655805446978",
      "t" : 1756398655805,
      "tn" : 1756398655805446978,
      "q" : "29",
      "p" : "0.34082",
      "s" : "buy",
      "i" : "ZKCRO_USD",
      "m" : "4611686018427398774"
    }, {
      "d" : "1756398655789575955",
      "t" : 1756398655789,
      "tn" : 1756398655789575955,
      "q" : "29",
      "p" : "0.34082",
      "s" : "buy",
      "i" : "ZKCRO_USD",
      "m" : "4611686018427398773"
    }, {
      "d" : "1756398655770279782",
      "t" : 1756398655770,
      "tn" : 1756398655770279782,
      "q" : "29",
      "p" : "0.34082",
      "s" : "buy",
      "i" : "ZKCRO_USD",
      "m" : "4611686018427398772"
    }, {
      "d" : "1756398655754869537",
      "t" : 1756398655754,
      "tn" : 1756398655754869537,
      "q" : "29",
      "p" : "0.34082",
      "s" : "buy",
      "i" : "ZKCRO_USD",
      "m" : "4611686018427398771"
    }, {
      "d" : "1756398655735253804",
      "t" : 1756398655735,
      "tn" : 1756398655735253804,
      "q" : "29",
      "p" : "0.34082",
      "s" : "buy",
      "i" : "ZKCRO_USD",
      "m" : "4611686018427398770"
    }, {
      "d" : "1756398655713368073",
      "t" : 1756398655713,
      "tn" : 1756398655713368073,
      "q" : "29",
      "p" : "0.34082",
      "s" : "buy",
      "i" : "ZKCRO_USD",
      "m" : "4611686018427398769"
    }, {
      "d" : "1756398655653715689",
      "t" : 1756398655653,
      "tn" : 1756398655653715689,
      "q" : "29",
      "p" : "0.34082",
      "s" : "buy",
      "i" : "ZKCRO_USD",
      "m" : "4611686018427398768"
    }, {
      "d" : "1756398655639332103",
      "t" : 1756398655639,
      "tn" : 1756398655639332103,
      "q" : "29",
      "p" : "0.34082",
      "s" : "buy",
      "i" : "ZKCRO_USD",
      "m" : "4611686018427398767"
    }, {
      "d" : "1756398655617574458",
      "t" : 1756398655617,
      "tn" : 1756398655617574458,
      "q" : "29",
      "p" : "0.34082",
      "s" : "buy",
      "i" : "ZKCRO_USD",
      "m" : "4611686018427398766"
    }, {
      "d" : "1756398655601939758",
      "t" : 1756398655601,
      "tn" : 1756398655601939758,
      "q" : "29",
      "p" : "0.34082",
      "s" : "buy",
      "i" : "ZKCRO_USD",
      "m" : "4611686018427398765"
    }, {
      "d" : "1756398655462688017",
      "t" : 1756398655462,
      "tn" : 1756398655462688017,
      "q" : "30",
      "p" : "0.34082",
      "s" : "buy",
      "i" : "ZKCRO_USD",
      "m" : "4611686018427398764"
    }, {
      "d" : "1756395919004900484",
      "t" : 1756395919004,
      "tn" : 1756395919004900484,
      "q" : "2914",
      "p" : "0.33529",
      "s" : "sell",
      "i" : "ZKCRO_USD",
      "m" : "4611686018427398763"
    }, {
      "d" : "1756393067186318700",
      "t" : 1756393067186,
      "tn" : 1756393067186318700,
      "q" : "242",
      "p" : "0.33173",
      "s" : "buy",
      "i" : "ZKCRO_USD",
      "m" : "4611686018427398762"
    }, {
      "d" : "1756392916384491828",
      "t" : 1756392916384,
      "tn" : 1756392916384491828,
      "q" : "4049",
      "p" : "0.32800",
      "s" : "sell",
      "i" : "ZKCRO_USD",
      "m" : "4611686018427398761"
    }, {
      "d" : "1756392916384489879",
      "t" : 1756392916384,
      "tn" : 1756392916384489879,
      "q" : "4111",
      "p" : "0.32943",
      "s" : "sell",
      "i" : "ZKCRO_USD",
      "m" : "4611686018427398760"
    }, {
      "d" : "1756392916384487046",
      "t" : 1756392916384,
      "tn" : 1756392916384487046,
      "q" : "4997",
      "p" : "0.33005",
      "s" : "sell",
      "i" : "ZKCRO_USD",
      "m" : "4611686018427398759"
    }, {
      "d" : "1756392916384483933",
      "t" : 1756392916384,
      "tn" : 1756392916384483933,
      "q" : "3012",
      "p" : "0.33180",
      "s" : "sell",
      "i" : "ZKCRO_USD",
      "m" : "4611686018427398758"
    }, {
      "d" : "1756392550848565479",
      "t" : 1756392550848,
      "tn" : 1756392550848565479,
      "q" : "1000",
      "p" : "0.33325",
      "s" : "sell",
      "i" : "ZKCRO_USD",
      "m" : "4611686018427398757"
    }, {
      "d" : "1756391685976418036",
      "t" : 1756391685976,
      "tn" : 1756391685976418036,
      "q" : "70",
      "p" : "0.35010",
      "s" : "sell",
      "i" : "ZKCRO_USD",
      "m" : "4611686018427398756"
    }, {
      "d" : "1756389961283435885",
      "t" : 1756389961283,
      "tn" : 1756389961283435885,
      "q" : "700",
      "p" : "0.36080",
      "s" : "sell",
      "i" : "ZKCRO_USD",
      "m" : "4611686018427398755"
    }, {
      "d" : "1756387171739380133",
      "t" : 1756387171739,
      "tn" : 1756387171739380133,
      "q" : "241",
      "p" : "0.40078",
      "s" : "buy",
      "i" : "ZKCRO_USD",
      "m" : "4611686018427398754"
    }, {
      "d" : "1756382420819580680",
      "t" : 1756382420819,
      "tn" : 1756382420819580680,
      "q" : "224",
      "p" : "0.39000",
      "s" : "buy",
      "i" : "ZKCRO_USD",
      "m" : "4611686018427398753"
    }, {
      "d" : "1756381891061506327",
      "t" : 1756381891061,
      "tn" : 1756381891061506327,
      "q" : "349",
      "p" : "0.39000",
      "s" : "buy",
      "i" : "ZKCRO_USD",
      "m" : "4611686018427398752"
    }, {
      "d" : "1756381890814030283",
      "t" : 1756381890814,
      "tn" : 1756381890814030283,
      "q" : "1184",
      "p" : "0.39000",
      "s" : "buy",
      "i" : "ZKCRO_USD",
      "m" : "4611686018427398751"
    }, {
      "d" : "1756381884159511356",
      "t" : 1756381884159,
      "tn" : 1756381884159511356,
      "q" : "573",
      "p" : "0.39000",
      "s" : "buy",
      "i" : "ZKCRO_USD",
      "m" : "4611686018427398750"
    }, {
      "d" : "1756381880142239347",
      "t" : 1756381880142,
      "tn" : 1756381880142239347,
      "q" : "3",
      "p" : "0.39000",
      "s" : "buy",
      "i" : "ZKCRO_USD",
      "m" : "4611686018427398749"
    }, {
      "d" : "1756381880137243558",
      "t" : 1756381880137,
      "tn" : 1756381880137243558,
      "q" : "573",
      "p" : "0.39000",
      "s" : "buy",
      "i" : "ZKCRO_USD",
      "m" : "4611686018427398748"
    }, {
      "d" : "1756381880127239823",
      "t" : 1756381880127,
      "tn" : 1756381880127239823,
      "q" : "3",
      "p" : "0.39000",
      "s" : "buy",
      "i" : "ZKCRO_USD",
      "m" : "4611686018427398747"
    }, {
      "d" : "1756381880082233065",
      "t" : 1756381880082,
      "tn" : 1756381880082233065,
      "q" : "3",
      "p" : "0.39000",
      "s" : "buy",
      "i" : "ZKCRO_USD",
      "m" : "4611686018427398746"
    }, {
      "d" : "1756381880057410434",
      "t" : 1756381880057,
      "tn" : 1756381880057410434,
      "q" : "3",
      "p" : "0.39000",
      "s" : "buy",
      "i" : "ZKCRO_USD",
      "m" : "4611686018427398745"
    } ]
  }
}