{
  "id" : -1,
  "method" : "public/get-trades",
  "code" : 0,
  "result" : {
    "data" : [ {
      "d" : "1756458147547656323",
      "t" : 1756458147547,
      "tn" : 1756458147547656323,
      "q" : "30.7",
      "p" : "0.1801",
      "s" : "sell",
      "i" : "ZKJ_USD",
      "m" : "4611686018427959792"
    }, {
      "d" : "1756458147537257082",
      "t" : 1756458147537,
      "tn" : 1756458147537257082,
      "q" : "83.0",
      "p" : "0.1801",
      "s" : "sell",
      "i" : "ZKJ_USD",
      "m" : "4611686018427959791"
    }, {
      "d" : "1756458145887529230",
      "t" : 1756458145887,
      "tn" : 1756458145887529230,
      "q" : "20.1",
      "p" : "0.1801",
      "s" : "sell",
      "i" : "ZKJ_USD",
      "m" : "4611686018427959790"
    }, {
      "d" : "1756458145887527283",
      "t" : 1756458145887,
      "tn" : 1756458145887527283,
      "q" : "72.9",
      "p" : "0.1817",
      "s" : "sell",
      "i" : "ZKJ_USD",
      "m" : "4611686018427959789"
    }, {
      "d" : "1756452406393944275",
      "t" : 1756452406393,
      "tn" : 1756452406393944275,
      "q" : "82.0",
      "p" : "0.1817",
      "s" : "sell",
      "i" : "ZKJ_USD",
      "m" : "4611686018427959788"
    }, {
      "d" : "1756417650888828455",
      "t" : 1756417650888,
      "tn" : 1756417650888828455,
      "q" : "31.7",
      "p" : "0.1818",
      "s" : "sell",
      "i" : "ZKJ_USD",
      "m" : "4611686018427959787"
    }, {
      "d" : "1756417634974563097",
      "t" : 1756417634974,
      "tn" : 1756417634974563097,
      "q" : "82.0",
      "p" : "0.1844",
      "s" : "buy",
      "i" : "ZKJ_USD",
      "m" : "4611686018427959786"
    }, {
      "d" : "1756417634903333950",
      "t" : 1756417634903,
      "tn" : 1756417634903333950,
      "q" : "490.0",
      "p" : "0.1844",
      "s" : "buy",
      "i" : "ZKJ_USD",
      "m" : "4611686018427959785"
    }, {
      "d" : "1756417634902140319",
      "t" : 1756417634902,
      "tn" : 1756417634902140319,
      "q" : "493.0",
      "p" : "0.1844",
      "s" : "buy",
      "i" : "ZKJ_USD",
      "m" : "4611686018427959784"
    }, {
      "d" : "1756417634886169349",
      "t" : 1756417634886,
      "tn" : 1756417634886169349,
      "q" : "111.7",
      "p" : "0.1844",
      "s" : "sell",
      "i" : "ZKJ_USD",
      "m" : "4611686018427959783"
    }, {
      "d" : "1756408250141530041",
      "t" : 1756408250141,
      "tn" : 1756408250141530041,
      "q" : "22.9",
      "p" : "0.1949",
      "s" : "buy",
      "i" : "ZKJ_USD",
      "m" : "4611686018427959782"
    }, {
      "d" : "1756404630448488708",
      "t" : 1756404630448,
      "tn" : 1756404630448488708,
      "q" : "14.2",
      "p" : "0.1933",
      "s" : "buy",
      "i" : "ZKJ_USD",
      "m" : "4611686018427959781"
    }, {
      "d" : "1756404592538039100",
      "t" : 1756404592538,
      "tn" : 1756404592538039100,
      "q" : "101.0",
      "p" : "0.1936",
      "s" : "buy",
      "i" : "ZKJ_USD",
      "m" : "4611686018427959780"
    }, {
      "d" : "1756401473666867184",
      "t" : 1756401473666,
      "tn" : 1756401473666867184,
      "q" : "14.6",
      "p" : "0.1929",
      "s" : "buy",
      "i" : "ZKJ_USD",
      "m" : "4611686018427959779"
    }, {
      "d" : "1756401460946297215",
      "t" : 1756401460946,
      "tn" : 1756401460946297215,
      "q" : "58.4",
      "p" : "0.1928",
      "s" : "buy",
      "i" : "ZKJ_USD",
      "m" : "4611686018427959778"
    }, {
      "d" : "1756400798699082733",
      "t" : 1756400798699,
      "tn" : 1756400798699082733,
      "q" : "909.7",
      "p" : "0.1929",
      "s" : "buy",
      "i" : "ZKJ_USD",
      "m" : "4611686018427959777"
    }, {
      "d" : "1756400798699080808",
      "t" : 1756400798699,
      "tn" : 1756400798699080808,
      "q" : "808.4",
      "p" : "0.1928",
      "s" : "buy",
      "i" : "ZKJ_USD",
      "m" : "4611686018427959776"
    }, {
      "d" : "1756400798699077529",
      "t" : 1756400798699,
      "tn" : 1756400798699077529,
      "q" : "53.0",
      "p" : "0.1927",
      "s" : "buy",
      "i" : "ZKJ_USD",
      "m" : "4611686018427959775"
    }, {
      "d" : "1756389682284219500",
      "t" : 1756389682284,
      "tn" : 1756389682284219500,
      "q" : "59.1",
      "p" : "0.1929",
      "s" : "sell",
      "i" : "ZKJ_USD",
      "m" : "4611686018427959774"
    }, {
      "d" : "1756388043358520024",
      "t" : 1756388043358,
      "tn" : 1756388043358520024,
      "q" : "25.0",
      "p" : "0.2007",
      "s" : "buy",
      "i" : "ZKJ_USD",
      "m" : "4611686018427959773"
    }, {
      "d" : "1756387906902733022",
      "t" : 1756387906902,
      "tn" : 1756387906902733022,
      "q" : "548.0",
      "p" : "0.1867",
      "s" : "sell",
      "i" : "ZKJ_USD",
      "m" : "4611686018427959772"
    }, {
      "d" : "1756387906902731531",
      "t" : 1756387906902,
      "tn" : 1756387906902731531,
      "q" : "833.4",
      "p" : "0.1868",
      "s" : "sell",
      "i" : "ZKJ_USD",
      "m" : "4611686018427959771"
    }, {
      "d" : "1756387906902728327",
      "t" : 1756387906902,
      "tn" : 1756387906902728327,
      "q" : "268.3",
      "p" : "0.1926",
      "s" : "sell",
      "i" : "ZKJ_USD",
      "m" : "4611686018427959770"
    }, {
      "d" : "1756387283021022736",
      "t" : 1756387283021,
      "tn" : 1756387283021022736,
      "q" : "1653.9",
      "p" : "0.2011",
      "s" : "buy",
      "i" : "ZKJ_USD",
      "m" : "4611686018427959769"
    }, {
      "d" : "1756385915319395678",
      "t" : 1756385915319,
      "tn" : 1756385915319395678,
      "q" : "82.0",
      "p" : "0.2046",
      "s" : "buy",
      "i" : "ZKJ_USD",
      "m" : "4611686018427959768"
    }, {
      "d" : "1756385624948760891",
      "t" : 1756385624948,
      "tn" : 1756385624948760891,
      "q" : "144.2",
      "p" : "0.1960",
      "s" : "buy",
      "i" : "ZKJ_USD",
      "m" : "4611686018427959767"
    }, {
      "d" : "1756385624887299628",
      "t" : 1756385624887,
      "tn" : 1756385624887299628,
      "q" : "9.3",
      "p" : "0.1960",
      "s" : "buy",
      "i" : "ZKJ_USD",
      "m" : "4611686018427959766"
    }, {
      "d" : "1756385624887297648",
      "t" : 1756385624887,
      "tn" : 1756385624887297648,
      "q" : "262.7",
      "p" : "0.1959",
      "s" : "buy",
      "i" : "ZKJ_USD",
      "m" : "4611686018427959765"
    }, {
      "d" : "1756385624885708980",
      "t" : 1756385624885,
      "tn" : 1756385624885708980,
      "q" : "260.0",
      "p" : "0.1959",
      "s" : "buy",
      "i" : "ZKJ_USD",
      "m" : "4611686018427959764"
    }, {
      "d" : "1756385624885503794",
      "t" : 1756385624885,
      "tn" : 1756385624885503794,
      "q" : "272.0",
      "p" : "0.1959",
      "s" : "buy",
      "i" : "ZKJ_USD",
      "m" : "4611686018427959763"
    }, {
      "d" : "1756382731851309544",
      "t" : 1756382731851,
      "tn" : 1756382731851309544,
      "q" : "978.7",
      "p" : "0.1817",
      "s" : "sell",
      "i" : "ZKJ_USD",
      "m" : "4611686018427959762"
    }, {
      "d" : "1756382731851307504",
      "t" : 1756382731851,
      "tn" : 1756382731851307504,
      "q" : "794.7",
      "p" : "0.1818",
      "s" : "sell",
      "i" : "ZKJ_USD",
      "m" : "4611686018427959761"
    }, {
      "d" : "1756382731851302788",
      "t" : 1756382731851,
      "tn" : 1756382731851302788,
      "q" : "153.5",
      "p" : "0.1834",
      "s" : "sell",
      "i" : "ZKJ_USD",
      "m" : "4611686018427959760"
    }, {
      "d" : "1756382170755220084",
      "t" : 1756382170755,
      "tn" : 1756382170755220084,
      "q" : "933.1",
      "p" : "0.1969",
      "s" : "buy",
      "i" : "ZKJ_USD",
      "m" : "4611686018427959759"
    }, {
      "d" : "1756382170755218213",
      "t" : 1756382170755,
      "tn" : 1756382170755218213,
      "q" : "50.5",
      "p" : "0.1960",
      "s" : "buy",
      "i" : "ZKJ_USD",
      "m" : "4611686018427959758"
    }, {
      "d" : "1756381807307927743",
      "t" : 1756381807307,
      "tn" : 1756381807307927743,
      "q" : "103.0",
      "p" : "0.1960",
      "s" : "buy",
      "i" : "ZKJ_USD",
      "m" : "4611686018427959757"
    }, {
      "d" : "1756381807297869526",
      "t" : 1756381807297,
      "tn" : 1756381807297869526,
      "q" : "102.8",
      "p" : "0.1946",
      "s" : "buy",
      "i" : "ZKJ_USD",
      "m" : "4611686018427959756"
    }, {
      "d" : "1756381334396041239",
      "t" : 1756381334396,
      "tn" : 1756381334396041239,
      "q" : "133.4",
      "p" : "0.1923",
      "s" : "buy",
      "i" : "ZKJ_USD",
      "m" : "4611686018427959755"
    }, {
      "d" : "1756381334391096130",
      "t" : 1756381334391,
      "tn" : 1756381334391096130,
      "q" : "60.8",
      "p" : "0.1905",
      "s" : "buy",
      "i" : "ZKJ_USD",
      "m" : "4611686018427959754"
    }, {
      "d" : "1756381334368441837",
      "t" : 1756381334368,
      "tn" : 1756381334368441837,
      "q" : "171.0",
      "p" : "0.1905",
      "s" : "buy",
      "i" : "ZKJ_USD",
      "m" : "4611686018427959753"
    }, {
      "d" : "1756381334364304452",
      "t" : 1756381334364,
      "tn" : 1756381334364304452,
      "q" : "150.0",
      "p" : "0.1905",
      "s" : "buy",
      "i" : "ZKJ_USD",
      "m" : "4611686018427959752"
    }, {
      "d" : "1756381334103750153",
      "t" : 1756381334103,
      "tn" : 1756381334103750153,
      "q" : "55.7",
      "p" : "0.1864",
      "s" : "buy",
      "i" : "ZKJ_USD",
      "m" : "4611686018427959751"
    } ]
  }
}