{
  "id" : -1,
  "method" : "public/get-trades",
  "code" : 0,
  "result" : {
    "data" : [ {
      "d" : "1756457855885318388",
      "t" : 1756457855885,
      "tn" : 1756457855885318388,
      "q" : "2540",
      "p" : "0.06048",
      "s" : "sell",
      "i" : "ZKUSD-PERP",
      "m" : "4611686018428065687"
    }, {
      "d" : "1756457855885316712",
      "t" : 1756457855885,
      "tn" : 1756457855885316712,
      "q" : "10960",
      "p" : "0.06051",
      "s" : "sell",
      "i" : "ZKUSD-PERP",
      "m" : "4611686018428065686"
    }, {
      "d" : "1756457855885314306",
      "t" : 1756457855885,
      "tn" : 1756457855885314306,
      "q" : "4090",
      "p" : "0.06054",
      "s" : "sell",
      "i" : "ZKUSD-PERP",
      "m" : "4611686018428065685"
    }, {
      "d" : "1756457855885311413",
      "t" : 1756457855885,
      "tn" : 1756457855885311413,
      "q" : "23040",
      "p" : "0.06057",
      "s" : "sell",
      "i" : "ZKUSD-PERP",
      "m" : "4611686018428065684"
    }, {
      "d" : "1756457855885308614",
      "t" : 1756457855885,
      "tn" : 1756457855885308613,
      "q" : "2470",
      "p" : "0.06058",
      "s" : "sell",
      "i" : "ZKUSD-PERP",
      "m" : "4611686018428065683"
    }, {
      "d" : "1756457855885308613",
      "t" : 1756457855885,
      "tn" : 1756457855885308613,
      "q" : "6910",
      "p" : "0.06058",
      "s" : "sell",
      "i" : "ZKUSD-PERP",
      "m" : "4611686018428065683"
    }, {
      "d" : "1756457855885303595",
      "t" : 1756457855885,
      "tn" : 1756457855885303595,
      "q" : "10",
      "p" : "0.06060",
      "s" : "sell",
      "i" : "ZKUSD-PERP",
      "m" : "4611686018428065682"
    }, {
      "d" : "1756457855885301209",
      "t" : 1756457855885,
      "tn" : 1756457855885301209,
      "q" : "10",
      "p" : "0.06062",
      "s" : "sell",
      "i" : "ZKUSD-PERP",
      "m" : "4611686018428065681"
    }, {
      "d" : "1756456182422957361",
      "t" : 1756456182422,
      "tn" : 1756456182422957361,
      "q" : "1520",
      "p" : "0.06106",
      "s" : "sell",
      "i" : "ZKUSD-PERP",
      "m" : "4611686018428065680"
    }, {
      "d" : "1756456182422449188",
      "t" : 1756456182422,
      "tn" : 1756456182422449188,
      "q" : "5680",
      "p" : "0.06106",
      "s" : "sell",
      "i" : "ZKUSD-PERP",
      "m" : "4611686018428065679"
    }, {
      "d" : "1756456182422447556",
      "t" : 1756456182422,
      "tn" : 1756456182422447555,
      "q" : "10",
      "p" : "0.06112",
      "s" : "sell",
      "i" : "ZKUSD-PERP",
      "m" : "4611686018428065678"
    }, {
      "d" : "1756456182422447555",
      "t" : 1756456182422,
      "tn" : 1756456182422447555,
      "q" : "10",
      "p" : "0.06112",
      "s" : "sell",
      "i" : "ZKUSD-PERP",
      "m" : "4611686018428065678"
    }, {
      "d" : "1756455314145015720",
      "t" : 1756455314145,
      "tn" : 1756455314145015720,
      "q" : "8150",
      "p" : "0.06125",
      "s" : "sell",
      "i" : "ZKUSD-PERP",
      "m" : "4611686018428065677"
    }, {
      "d" : "1756455314145011141",
      "t" : 1756455314145,
      "tn" : 1756455314145011141,
      "q" : "2440",
      "p" : "0.06127",
      "s" : "sell",
      "i" : "ZKUSD-PERP",
      "m" : "4611686018428065676"
    }, {
      "d" : "1756455314145007936",
      "t" : 1756455314145,
      "tn" : 1756455314145007936,
      "q" : "10",
      "p" : "0.06130",
      "s" : "sell",
      "i" : "ZKUSD-PERP",
      "m" : "4611686018428065675"
    }, {
      "d" : "1756455314145004634",
      "t" : 1756455314145,
      "tn" : 1756455314145004634,
      "q" : "10",
      "p" : "0.06131",
      "s" : "sell",
      "i" : "ZKUSD-PERP",
      "m" : "4611686018428065674"
    }, {
      "d" : "1756455013913382842",
      "t" : 1756455013913,
      "tn" : 1756455013913382842,
      "q" : "4950",
      "p" : "0.06120",
      "s" : "sell",
      "i" : "ZKUSD-PERP",
      "m" : "4611686018428065673"
    }, {
      "d" : "1756455013913380956",
      "t" : 1756455013913,
      "tn" : 1756455013913380955,
      "q" : "6910",
      "p" : "0.06121",
      "s" : "sell",
      "i" : "ZKUSD-PERP",
      "m" : "4611686018428065672"
    }, {
      "d" : "1756455013913380955",
      "t" : 1756455013913,
      "tn" : 1756455013913380955,
      "q" : "680",
      "p" : "0.06121",
      "s" : "sell",
      "i" : "ZKUSD-PERP",
      "m" : "4611686018428065672"
    }, {
      "d" : "1756455013913377003",
      "t" : 1756455013913,
      "tn" : 1756455013913377003,
      "q" : "2440",
      "p" : "0.06132",
      "s" : "sell",
      "i" : "ZKUSD-PERP",
      "m" : "4611686018428065671"
    }, {
      "d" : "1756455013913374582",
      "t" : 1756455013913,
      "tn" : 1756455013913374582,
      "q" : "10",
      "p" : "0.06135",
      "s" : "sell",
      "i" : "ZKUSD-PERP",
      "m" : "4611686018428065670"
    }, {
      "d" : "1756455013913371678",
      "t" : 1756455013913,
      "tn" : 1756455013913371678,
      "q" : "10",
      "p" : "0.06136",
      "s" : "sell",
      "i" : "ZKUSD-PERP",
      "m" : "4611686018428065669"
    }, {
      "d" : "1756451505941054797",
      "t" : 1756451505941,
      "tn" : 1756451505941054797,
      "q" : "10",
      "p" : "0.06238",
      "s" : "sell",
      "i" : "ZKUSD-PERP",
      "m" : "4611686018428065668"
    }, {
      "d" : "1756451505941051954",
      "t" : 1756451505941,
      "tn" : 1756451505941051954,
      "q" : "10",
      "p" : "0.06240",
      "s" : "sell",
      "i" : "ZKUSD-PERP",
      "m" : "4611686018428065667"
    }, {
      "d" : "1756450224703607724",
      "t" : 1756450224703,
      "tn" : 1756450224703607724,
      "q" : "12640",
      "p" : "0.06368",
      "s" : "buy",
      "i" : "ZKUSD-PERP",
      "m" : "4611686018428065666"
    }, {
      "d" : "1756450224703606002",
      "t" : 1756450224703,
      "tn" : 1756450224703606002,
      "q" : "2360",
      "p" : "0.06354",
      "s" : "buy",
      "i" : "ZKUSD-PERP",
      "m" : "4611686018428065665"
    }, {
      "d" : "1756448083788714393",
      "t" : 1756448083788,
      "tn" : 1756448083788714393,
      "q" : "10960",
      "p" : "0.06410",
      "s" : "buy",
      "i" : "ZKUSD-PERP",
      "m" : "4611686018428065664"
    }, {
      "d" : "1756448083788712453",
      "t" : 1756448083788,
      "tn" : 1756448083788712453,
      "q" : "19390",
      "p" : "0.06406",
      "s" : "buy",
      "i" : "ZKUSD-PERP",
      "m" : "4611686018428065663"
    }, {
      "d" : "1756448083783685387",
      "t" : 1756448083783,
      "tn" : 1756448083783685387,
      "q" : "10",
      "p" : "0.06387",
      "s" : "buy",
      "i" : "ZKUSD-PERP",
      "m" : "4611686018428065662"
    }, {
      "d" : "1756448083783174302",
      "t" : 1756448083783,
      "tn" : 1756448083783174302,
      "q" : "2340",
      "p" : "0.06393",
      "s" : "buy",
      "i" : "ZKUSD-PERP",
      "m" : "4611686018428065661"
    }, {
      "d" : "1756448083783172321",
      "t" : 1756448083783,
      "tn" : 1756448083783172321,
      "q" : "10",
      "p" : "0.06384",
      "s" : "buy",
      "i" : "ZKUSD-PERP",
      "m" : "4611686018428065660"
    }, {
      "d" : "1756448083783169350",
      "t" : 1756448083783,
      "tn" : 1756448083783169350,
      "q" : "10",
      "p" : "0.06382",
      "s" : "buy",
      "i" : "ZKUSD-PERP",
      "m" : "4611686018428065659"
    }, {
      "d" : "1756441648037926200",
      "t" : 1756441648037,
      "tn" : 1756441648037926200,
      "q" : "10",
      "p" : "0.06392",
      "s" : "sell",
      "i" : "ZKUSD-PERP",
      "m" : "4611686018428065658"
    }, {
      "d" : "1756441648037924074",
      "t" : 1756441648037,
      "tn" : 1756441648037924074,
      "q" : "10",
      "p" : "0.06393",
      "s" : "sell",
      "i" : "ZKUSD-PERP",
      "m" : "4611686018428065657"
    }, {
      "d" : "1756440597631099985",
      "t" : 1756440597631,
      "tn" : 1756440597631099985,
      "q" : "10",
      "p" : "0.06313",
      "s" : "sell",
      "i" : "ZKUSD-PERP",
      "m" : "4611686018428065656"
    }, {
      "d" : "1756440597631097726",
      "t" : 1756440597631,
      "tn" : 1756440597631097726,
      "q" : "10",
      "p" : "0.06315",
      "s" : "sell",
      "i" : "ZKUSD-PERP",
      "m" : "4611686018428065655"
    }, {
      "d" : "1756430455030302207",
      "t" : 1756430455030,
      "tn" : 1756430455030302207,
      "q" : "20",
      "p" : "0.06295",
      "s" : "sell",
      "i" : "ZKUSD-PERP",
      "m" : "4611686018428065654"
    }, {
      "d" : "1756430455030238570",
      "t" : 1756430455030,
      "tn" : 1756430455030238570,
      "q" : "4010",
      "p" : "0.06295",
      "s" : "sell",
      "i" : "ZKUSD-PERP",
      "m" : "4611686018428065653"
    }, {
      "d" : "1756430455030236909",
      "t" : 1756430455030,
      "tn" : 1756430455030236909,
      "q" : "2380",
      "p" : "0.06296",
      "s" : "sell",
      "i" : "ZKUSD-PERP",
      "m" : "4611686018428065652"
    }, {
      "d" : "1756430455030233671",
      "t" : 1756430455030,
      "tn" : 1756430455030233670,
      "q" : "10",
      "p" : "0.06300",
      "s" : "sell",
      "i" : "ZKUSD-PERP",
      "m" : "4611686018428065651"
    }, {
      "d" : "1756430455030233670",
      "t" : 1756430455030,
      "tn" : 1756430455030233670,
      "q" : "10",
      "p" : "0.06300",
      "s" : "sell",
      "i" : "ZKUSD-PERP",
      "m" : "4611686018428065651"
    }, {
      "d" : "1756427600197064312",
      "t" : 1756427600197,
      "tn" : 1756427600197064312,
      "q" : "2310",
      "p" : "0.06413",
      "s" : "buy",
      "i" : "ZKUSD-PERP",
      "m" : "4611686018428065650"
    }, {
      "d" : "1756427600197062568",
      "t" : 1756427600197,
      "tn" : 1756427600197062568,
      "q" : "12670",
      "p" : "0.06410",
      "s" : "buy",
      "i" : "ZKUSD-PERP",
      "m" : "4611686018428065649"
    }, {
      "d" : "1756427600197060124",
      "t" : 1756427600197,
      "tn" : 1756427600197060124,
      "q" : "10",
      "p" : "0.06407",
      "s" : "buy",
      "i" : "ZKUSD-PERP",
      "m" : "4611686018428065648"
    }, {
      "d" : "1756427600197057564",
      "t" : 1756427600197,
      "tn" : 1756427600197057564,
      "q" : "10",
      "p" : "0.06404",
      "s" : "buy",
      "i" : "ZKUSD-PERP",
      "m" : "4611686018428065647"
    }, {
      "d" : "1756427572241692480",
      "t" : 1756427572241,
      "tn" : 1756427572241692480,
      "q" : "10",
      "p" : "0.06398",
      "s" : "buy",
      "i" : "ZKUSD-PERP",
      "m" : "4611686018428065646"
    }, {
      "d" : "1756420776334225509",
      "t" : 1756420776334,
      "tn" : 1756420776334225508,
      "q" : "10",
      "p" : "0.06391",
      "s" : "sell",
      "i" : "ZKUSD-PERP",
      "m" : "4611686018428065645"
    }, {
      "d" : "1756420776334225508",
      "t" : 1756420776334,
      "tn" : 1756420776334225508,
      "q" : "2340",
      "p" : "0.06391",
      "s" : "sell",
      "i" : "ZKUSD-PERP",
      "m" : "4611686018428065645"
    }, {
      "d" : "1756420055637228409",
      "t" : 1756420055637,
      "tn" : 1756420055637228409,
      "q" : "10",
      "p" : "0.06395",
      "s" : "buy",
      "i" : "ZKUSD-PERP",
      "m" : "4611686018428065644"
    }, {
      "d" : "1756419407199345224",
      "t" : 1756419407199,
      "tn" : 1756419407199345224,
      "q" : "7230",
      "p" : "0.06349",
      "s" : "buy",
      "i" : "ZKUSD-PERP",
      "m" : "4611686018428065643"
    }, {
      "d" : "1756419407199343471",
      "t" : 1756419407199,
      "tn" : 1756419407199343471,
      "q" : "10",
      "p" : "0.06345",
      "s" : "buy",
      "i" : "ZKUSD-PERP",
      "m" : "4611686018428065642"
    }, {
      "d" : "1756414124459100180",
      "t" : 1756414124459,
      "tn" : 1756414124459100180,
      "q" : "10",
      "p" : "0.06195",
      "s" : "sell",
      "i" : "ZKUSD-PERP",
      "m" : "4611686018428065641"
    }, {
      "d" : "1756413400049460841",
      "t" : 1756413400049,
      "tn" : 1756413400049460841,
      "q" : "10",
      "p" : "0.06189",
      "s" : "sell",
      "i" : "ZKUSD-PERP",
      "m" : "4611686018428065640"
    }, {
      "d" : "1756410476940142211",
      "t" : 1756410476940,
      "tn" : 1756410476940142211,
      "q" : "2930",
      "p" : "0.06184",
      "s" : "sell",
      "i" : "ZKUSD-PERP",
      "m" : "4611686018428065639"
    }, {
      "d" : "1756410476940140210",
      "t" : 1756410476940,
      "tn" : 1756410476940140210,
      "q" : "7050",
      "p" : "0.06185",
      "s" : "sell",
      "i" : "ZKUSD-PERP",
      "m" : "4611686018428065638"
    }, {
      "d" : "1756410476940136789",
      "t" : 1756410476940,
      "tn" : 1756410476940136789,
      "q" : "10",
      "p" : "0.06187",
      "s" : "sell",
      "i" : "ZKUSD-PERP",
      "m" : "4611686018428065637"
    }, {
      "d" : "1756410476940134195",
      "t" : 1756410476940,
      "tn" : 1756410476940134195,
      "q" : "10",
      "p" : "0.06188",
      "s" : "sell",
      "i" : "ZKUSD-PERP",
      "m" : "4611686018428065636"
    }, {
      "d" : "1756409598455339388",
      "t" : 1756409598455,
      "tn" : 1756409598455339388,
      "q" : "960",
      "p" : "0.06219",
      "s" : "sell",
      "i" : "ZKUSD-PERP",
      "m" : "4611686018428065635"
    }, {
      "d" : "1756409598455336883",
      "t" : 1756409598455,
      "tn" : 1756409598455336882,
      "q" : "10",
      "p" : "0.06223",
      "s" : "sell",
      "i" : "ZKUSD-PERP",
      "m" : "4611686018428065634"
    }, {
      "d" : "1756409598455336882",
      "t" : 1756409598455,
      "tn" : 1756409598455336882,
      "q" : "8020",
      "p" : "0.06223",
      "s" : "sell",
      "i" : "ZKUSD-PERP",
      "m" : "4611686018428065634"
    }, {
      "d" : "1756409598455331830",
      "t" : 1756409598455,
      "tn" : 1756409598455331830,
      "q" : "10",
      "p" : "0.06224",
      "s" : "sell",
      "i" : "ZKUSD-PERP",
      "m" : "4611686018428065633"
    }, {
      "d" : "1756404499801966796",
      "t" : 1756404499801,
      "tn" : 1756404499801966796,
      "q" : "10",
      "p" : "0.06214",
      "s" : "sell",
      "i" : "ZKUSD-PERP",
      "m" : "4611686018428065632"
    }, {
      "d" : "1756401771129774975",
      "t" : 1756401771129,
      "tn" : 1756401771129774975,
      "q" : "1590",
      "p" : "0.06245",
      "s" : "buy",
      "i" : "ZKUSD-PERP",
      "m" : "4611686018428065631"
    }, {
      "d" : "1756401771129772707",
      "t" : 1756401771129,
      "tn" : 1756401771129772707,
      "q" : "10",
      "p" : "0.06241",
      "s" : "buy",
      "i" : "ZKUSD-PERP",
      "m" : "4611686018428065630"
    }, {
      "d" : "1756401771129771238",
      "t" : 1756401771129,
      "tn" : 1756401771129771238,
      "q" : "10",
      "p" : "0.06237",
      "s" : "buy",
      "i" : "ZKUSD-PERP",
      "m" : "4611686018428065629"
    }, {
      "d" : "1756395054769406249",
      "t" : 1756395054769,
      "tn" : 1756395054769406249,
      "q" : "1560",
      "p" : "0.06353",
      "s" : "buy",
      "i" : "ZKUSD-PERP",
      "m" : "4611686018428065628"
    }, {
      "d" : "1756395054766962655",
      "t" : 1756395054766,
      "tn" : 1756395054766962655,
      "q" : "1570",
      "p" : "0.06342",
      "s" : "buy",
      "i" : "ZKUSD-PERP",
      "m" : "4611686018428065627"
    }, {
      "d" : "1756395054761334923",
      "t" : 1756395054761,
      "tn" : 1756395054761334923,
      "q" : "10",
      "p" : "0.06334",
      "s" : "buy",
      "i" : "ZKUSD-PERP",
      "m" : "4611686018428065626"
    }, {
      "d" : "1756395054761332637",
      "t" : 1756395054761,
      "tn" : 1756395054761332637,
      "q" : "10",
      "p" : "0.06332",
      "s" : "buy",
      "i" : "ZKUSD-PERP",
      "m" : "4611686018428065625"
    }, {
      "d" : "1756394033661868736",
      "t" : 1756394033661,
      "tn" : 1756394033661868735,
      "q" : "10",
      "p" : "0.06390",
      "s" : "sell",
      "i" : "ZKUSD-PERP",
      "m" : "4611686018428065624"
    }, {
      "d" : "1756394033661868735",
      "t" : 1756394033661,
      "tn" : 1756394033661868735,
      "q" : "10",
      "p" : "0.06390",
      "s" : "sell",
      "i" : "ZKUSD-PERP",
      "m" : "4611686018428065624"
    }, {
      "d" : "1756393629707519003",
      "t" : 1756393629707,
      "tn" : 1756393629707519003,
      "q" : "7770",
      "p" : "0.06429",
      "s" : "sell",
      "i" : "ZKUSD-PERP",
      "m" : "4611686018428065623"
    }, {
      "d" : "1756393629707393746",
      "t" : 1756393629707,
      "tn" : 1756393629707393746,
      "q" : "2330",
      "p" : "0.06436",
      "s" : "sell",
      "i" : "ZKUSD-PERP",
      "m" : "4611686018428065622"
    }, {
      "d" : "1756393629702649336",
      "t" : 1756393629702,
      "tn" : 1756393629702649336,
      "q" : "10",
      "p" : "0.06440",
      "s" : "sell",
      "i" : "ZKUSD-PERP",
      "m" : "4611686018428065621"
    }, {
      "d" : "1756393629702646959",
      "t" : 1756393629702,
      "tn" : 1756393629702646959,
      "q" : "10",
      "p" : "0.06441",
      "s" : "sell",
      "i" : "ZKUSD-PERP",
      "m" : "4611686018428065620"
    }, {
      "d" : "1756392570363055178",
      "t" : 1756392570363,
      "tn" : 1756392570363055178,
      "q" : "2320",
      "p" : "0.06453",
      "s" : "sell",
      "i" : "ZKUSD-PERP",
      "m" : "4611686018428065619"
    }, {
      "d" : "1756392570363051517",
      "t" : 1756392570363,
      "tn" : 1756392570363051517,
      "q" : "10",
      "p" : "0.06456",
      "s" : "sell",
      "i" : "ZKUSD-PERP",
      "m" : "4611686018428065618"
    }, {
      "d" : "1756392570363049365",
      "t" : 1756392570363,
      "tn" : 1756392570363049365,
      "q" : "10",
      "p" : "0.06457",
      "s" : "sell",
      "i" : "ZKUSD-PERP",
      "m" : "4611686018428065617"
    }, {
      "d" : "1756391373604111193",
      "t" : 1756391373604,
      "tn" : 1756391373604111192,
      "q" : "10",
      "p" : "0.06386",
      "s" : "sell",
      "i" : "ZKUSD-PERP",
      "m" : "4611686018428065616"
    }, {
      "d" : "1756391373604111192",
      "t" : 1756391373604,
      "tn" : 1756391373604111192,
      "q" : "2340",
      "p" : "0.06386",
      "s" : "sell",
      "i" : "ZKUSD-PERP",
      "m" : "4611686018428065616"
    }, {
      "d" : "1756391370778643215",
      "t" : 1756391370778,
      "tn" : 1756391370778643215,
      "q" : "780",
      "p" : "0.06369",
      "s" : "sell",
      "i" : "ZKUSD-PERP",
      "m" : "4611686018428065615"
    }, {
      "d" : "1756391370776499069",
      "t" : 1756391370776,
      "tn" : 1756391370776499069,
      "q" : "7080",
      "p" : "0.06369",
      "s" : "sell",
      "i" : "ZKUSD-PERP",
      "m" : "4611686018428065614"
    }, {
      "d" : "1756391370776497487",
      "t" : 1756391370776,
      "tn" : 1756391370776497487,
      "q" : "780",
      "p" : "0.06371",
      "s" : "sell",
      "i" : "ZKUSD-PERP",
      "m" : "4611686018428065613"
    }, {
      "d" : "1756391370775945877",
      "t" : 1756391370775,
      "tn" : 1756391370775945877,
      "q" : "780",
      "p" : "0.06372",
      "s" : "sell",
      "i" : "ZKUSD-PERP",
      "m" : "4611686018428065612"
    }, {
      "d" : "1756391370775943788",
      "t" : 1756391370775,
      "tn" : 1756391370775943788,
      "q" : "780",
      "p" : "0.06373",
      "s" : "sell",
      "i" : "ZKUSD-PERP",
      "m" : "4611686018428065611"
    }, {
      "d" : "1756391370775941195",
      "t" : 1756391370775,
      "tn" : 1756391370775941195,
      "q" : "780",
      "p" : "0.06374",
      "s" : "sell",
      "i" : "ZKUSD-PERP",
      "m" : "4611686018428065610"
    }, {
      "d" : "1756391370771141800",
      "t" : 1756391370771,
      "tn" : 1756391370771141800,
      "q" : "1580",
      "p" : "0.06376",
      "s" : "sell",
      "i" : "ZKUSD-PERP",
      "m" : "4611686018428065609"
    }, {
      "d" : "1756391370771140037",
      "t" : 1756391370771,
      "tn" : 1756391370771140037,
      "q" : "6260",
      "p" : "0.06377",
      "s" : "sell",
      "i" : "ZKUSD-PERP",
      "m" : "4611686018428065608"
    }, {
      "d" : "1756391370768666201",
      "t" : 1756391370768,
      "tn" : 1756391370768666201,
      "q" : "2360",
      "p" : "0.06395",
      "s" : "sell",
      "i" : "ZKUSD-PERP",
      "m" : "4611686018428065607"
    }, {
      "d" : "1756391370768661992",
      "t" : 1756391370768,
      "tn" : 1756391370768661992,
      "q" : "1360",
      "p" : "0.06395",
      "s" : "sell",
      "i" : "ZKUSD-PERP",
      "m" : "4611686018428065606"
    }, {
      "d" : "1756391370768660379",
      "t" : 1756391370768,
      "tn" : 1756391370768660379,
      "q" : "2340",
      "p" : "0.06399",
      "s" : "sell",
      "i" : "ZKUSD-PERP",
      "m" : "4611686018428065605"
    }, {
      "d" : "1756391370768657559",
      "t" : 1756391370768,
      "tn" : 1756391370768657559,
      "q" : "10",
      "p" : "0.06403",
      "s" : "sell",
      "i" : "ZKUSD-PERP",
      "m" : "4611686018428065604"
    }, {
      "d" : "1756391370768655335",
      "t" : 1756391370768,
      "tn" : 1756391370768655335,
      "q" : "10",
      "p" : "0.06404",
      "s" : "sell",
      "i" : "ZKUSD-PERP",
      "m" : "4611686018428065603"
    }, {
      "d" : "1756391369394814528",
      "t" : 1756391369394,
      "tn" : 1756391369394814528,
      "q" : "1490",
      "p" : "0.06389",
      "s" : "sell",
      "i" : "ZKUSD-PERP",
      "m" : "4611686018428065602"
    }, {
      "d" : "1756391369392858187",
      "t" : 1756391369392,
      "tn" : 1756391369392858187,
      "q" : "10",
      "p" : "0.06414",
      "s" : "sell",
      "i" : "ZKUSD-PERP",
      "m" : "4611686018428065601"
    }, {
      "d" : "1756391369392855522",
      "t" : 1756391369392,
      "tn" : 1756391369392855522,
      "q" : "10",
      "p" : "0.06415",
      "s" : "sell",
      "i" : "ZKUSD-PERP",
      "m" : "4611686018428065600"
    }, {
      "d" : "1756391364686457747",
      "t" : 1756391364686,
      "tn" : 1756391364686457747,
      "q" : "2360",
      "p" : "0.06405",
      "s" : "sell",
      "i" : "ZKUSD-PERP",
      "m" : "4611686018428065599"
    }, {
      "d" : "1756391364686433742",
      "t" : 1756391364686,
      "tn" : 1756391364686433742,
      "q" : "1450",
      "p" : "0.06405",
      "s" : "sell",
      "i" : "ZKUSD-PERP",
      "m" : "4611686018428065598"
    }, {
      "d" : "1756391364686432059",
      "t" : 1756391364686,
      "tn" : 1756391364686432059,
      "q" : "2340",
      "p" : "0.06408",
      "s" : "sell",
      "i" : "ZKUSD-PERP",
      "m" : "4611686018428065597"
    }, {
      "d" : "1756391364686427852",
      "t" : 1756391364686,
      "tn" : 1756391364686427851,
      "q" : "10",
      "p" : "0.06412",
      "s" : "sell",
      "i" : "ZKUSD-PERP",
      "m" : "4611686018428065596"
    }, {
      "d" : "1756391364686427851",
      "t" : 1756391364686,
      "tn" : 1756391364686427851,
      "q" : "10",
      "p" : "0.06412",
      "s" : "sell",
      "i" : "ZKUSD-PERP",
      "m" : "4611686018428065596"
    }, {
      "d" : "1756391353482379905",
      "t" : 1756391353482,
      "tn" : 1756391353482379904,
      "q" : "10",
      "p" : "0.06421",
      "s" : "sell",
      "i" : "ZKUSD-PERP",
      "m" : "4611686018428065595"
    }, {
      "d" : "1756391353482379904",
      "t" : 1756391353482,
      "tn" : 1756391353482379904,
      "q" : "10",
      "p" : "0.06421",
      "s" : "sell",
      "i" : "ZKUSD-PERP",
      "m" : "4611686018428065595"
    }, {
      "d" : "1756391038096151794",
      "t" : 1756391038096,
      "tn" : 1756391038096151794,
      "q" : "1750",
      "p" : "0.06418",
      "s" : "sell",
      "i" : "ZKUSD-PERP",
      "m" : "4611686018428065594"
    }, {
      "d" : "1756391038094508951",
      "t" : 1756391038094,
      "tn" : 1756391038094508951,
      "q" : "10",
      "p" : "0.06445",
      "s" : "sell",
      "i" : "ZKUSD-PERP",
      "m" : "4611686018428065593"
    }, {
      "d" : "1756390874906322995",
      "t" : 1756390874906,
      "tn" : 1756390874906322995,
      "q" : "390",
      "p" : "0.06489",
      "s" : "buy",
      "i" : "ZKUSD-PERP",
      "m" : "4611686018428065592"
    }, {
      "d" : "1756390873466952362",
      "t" : 1756390873466,
      "tn" : 1756390873466952362,
      "q" : "2960",
      "p" : "0.06529",
      "s" : "buy",
      "i" : "ZKUSD-PERP",
      "m" : "4611686018428065591"
    }, {
      "d" : "1756390873465956570",
      "t" : 1756390873465,
      "tn" : 1756390873465956570,
      "q" : "1150",
      "p" : "0.06529",
      "s" : "buy",
      "i" : "ZKUSD-PERP",
      "m" : "4611686018428065590"
    }, {
      "d" : "1756390873464719004",
      "t" : 1756390873464,
      "tn" : 1756390873464719004,
      "q" : "390",
      "p" : "0.06520",
      "s" : "buy",
      "i" : "ZKUSD-PERP",
      "m" : "4611686018428065589"
    }, {
      "d" : "1756390873463211069",
      "t" : 1756390873463,
      "tn" : 1756390873463211069,
      "q" : "19610",
      "p" : "0.06520",
      "s" : "buy",
      "i" : "ZKUSD-PERP",
      "m" : "4611686018428065588"
    }, {
      "d" : "1756390873461287445",
      "t" : 1756390873461,
      "tn" : 1756390873461287445,
      "q" : "680",
      "p" : "0.06506",
      "s" : "buy",
      "i" : "ZKUSD-PERP",
      "m" : "4611686018428065587"
    }, {
      "d" : "1756390873461282588",
      "t" : 1756390873461,
      "tn" : 1756390873461282588,
      "q" : "760",
      "p" : "0.06505",
      "s" : "buy",
      "i" : "ZKUSD-PERP",
      "m" : "4611686018428065586"
    }, {
      "d" : "1756390873461280657",
      "t" : 1756390873461,
      "tn" : 1756390873461280657,
      "q" : "760",
      "p" : "0.06504",
      "s" : "buy",
      "i" : "ZKUSD-PERP",
      "m" : "4611686018428065585"
    }, {
      "d" : "1756390873461276868",
      "t" : 1756390873461,
      "tn" : 1756390873461276868,
      "q" : "760",
      "p" : "0.06503",
      "s" : "buy",
      "i" : "ZKUSD-PERP",
      "m" : "4611686018428065584"
    }, {
      "d" : "1756390873461274954",
      "t" : 1756390873461,
      "tn" : 1756390873461274954,
      "q" : "1460",
      "p" : "0.06488",
      "s" : "buy",
      "i" : "ZKUSD-PERP",
      "m" : "4611686018428065583"
    }, {
      "d" : "1756390873461273119",
      "t" : 1756390873461,
      "tn" : 1756390873461273119,
      "q" : "10",
      "p" : "0.06474",
      "s" : "buy",
      "i" : "ZKUSD-PERP",
      "m" : "4611686018428065582"
    }, {
      "d" : "1756390873461271030",
      "t" : 1756390873461,
      "tn" : 1756390873461271030,
      "q" : "10",
      "p" : "0.06470",
      "s" : "buy",
      "i" : "ZKUSD-PERP",
      "m" : "4611686018428065581"
    }, {
      "d" : "1756390861467265467",
      "t" : 1756390861467,
      "tn" : 1756390861467265467,
      "q" : "7610",
      "p" : "0.06559",
      "s" : "sell",
      "i" : "ZKUSD-PERP",
      "m" : "4611686018428065580"
    }, {
      "d" : "1756390861466405744",
      "t" : 1756390861466,
      "tn" : 1756390861466405744,
      "q" : "10",
      "p" : "0.06582",
      "s" : "sell",
      "i" : "ZKUSD-PERP",
      "m" : "4611686018428065579"
    }, {
      "d" : "1756390808396073752",
      "t" : 1756390808396,
      "tn" : 1756390808396073751,
      "q" : "10",
      "p" : "0.06839",
      "s" : "buy",
      "i" : "ZKUSD-PERP",
      "m" : "4611686018428065578"
    }, {
      "d" : "1756390808396073751",
      "t" : 1756390808396,
      "tn" : 1756390808396073751,
      "q" : "2190",
      "p" : "0.06839",
      "s" : "buy",
      "i" : "ZKUSD-PERP",
      "m" : "4611686018428065578"
    }, {
      "d" : "1756390801795647175",
      "t" : 1756390801795,
      "tn" : 1756390801795647175,
      "q" : "1380",
      "p" : "0.06849",
      "s" : "buy",
      "i" : "ZKUSD-PERP",
      "m" : "4611686018428065577"
    }, {
      "d" : "1756390801794874156",
      "t" : 1756390801794,
      "tn" : 1756390801794874156,
      "q" : "1460",
      "p" : "0.06836",
      "s" : "buy",
      "i" : "ZKUSD-PERP",
      "m" : "4611686018428065576"
    }, {
      "d" : "1756390801793302773",
      "t" : 1756390801793,
      "tn" : 1756390801793302773,
      "q" : "10",
      "p" : "0.06811",
      "s" : "buy",
      "i" : "ZKUSD-PERP",
      "m" : "4611686018428065575"
    }, {
      "d" : "1756390788973146691",
      "t" : 1756390788973,
      "tn" : 1756390788973146691,
      "q" : "1460",
      "p" : "0.06839",
      "s" : "buy",
      "i" : "ZKUSD-PERP",
      "m" : "4611686018428065574"
    }, {
      "d" : "1756390788972006979",
      "t" : 1756390788972,
      "tn" : 1756390788972006979,
      "q" : "1460",
      "p" : "0.06819",
      "s" : "buy",
      "i" : "ZKUSD-PERP",
      "m" : "4611686018428065573"
    }, {
      "d" : "1756390788971003233",
      "t" : 1756390788971,
      "tn" : 1756390788971003233,
      "q" : "10",
      "p" : "0.06808",
      "s" : "buy",
      "i" : "ZKUSD-PERP",
      "m" : "4611686018428065572"
    }, {
      "d" : "1756390752713805659",
      "t" : 1756390752713,
      "tn" : 1756390752713805659,
      "q" : "10",
      "p" : "0.06761",
      "s" : "buy",
      "i" : "ZKUSD-PERP",
      "m" : "4611686018428065571"
    }, {
      "d" : "1756390752713120816",
      "t" : 1756390752713,
      "tn" : 1756390752713120816,
      "q" : "2210",
      "p" : "0.06765",
      "s" : "buy",
      "i" : "ZKUSD-PERP",
      "m" : "4611686018428065570"
    }, {
      "d" : "1756390752713118948",
      "t" : 1756390752713,
      "tn" : 1756390752713118948,
      "q" : "10",
      "p" : "0.06760",
      "s" : "buy",
      "i" : "ZKUSD-PERP",
      "m" : "4611686018428065569"
    }, {
      "d" : "1756390752713116564",
      "t" : 1756390752713,
      "tn" : 1756390752713116564,
      "q" : "10",
      "p" : "0.06756",
      "s" : "buy",
      "i" : "ZKUSD-PERP",
      "m" : "4611686018428065568"
    }, {
      "d" : "1756390749221996459",
      "t" : 1756390749221,
      "tn" : 1756390749221996459,
      "q" : "10",
      "p" : "0.06752",
      "s" : "buy",
      "i" : "ZKUSD-PERP",
      "m" : "4611686018428065567"
    }, {
      "d" : "1756390749221994736",
      "t" : 1756390749221,
      "tn" : 1756390749221994736,
      "q" : "10",
      "p" : "0.06748",
      "s" : "buy",
      "i" : "ZKUSD-PERP",
      "m" : "4611686018428065566"
    }, {
      "d" : "1756390720830820313",
      "t" : 1756390720830,
      "tn" : 1756390720830820313,
      "q" : "1490",
      "p" : "0.06698",
      "s" : "buy",
      "i" : "ZKUSD-PERP",
      "m" : "4611686018428065565"
    }, {
      "d" : "1756390720829349403",
      "t" : 1756390720829,
      "tn" : 1756390720829349403,
      "q" : "10",
      "p" : "0.06685",
      "s" : "buy",
      "i" : "ZKUSD-PERP",
      "m" : "4611686018428065564"
    }, {
      "d" : "1756390720829348130",
      "t" : 1756390720829,
      "tn" : 1756390720829348130,
      "q" : "10",
      "p" : "0.06681",
      "s" : "buy",
      "i" : "ZKUSD-PERP",
      "m" : "4611686018428065563"
    }, {
      "d" : "1756390680721994620",
      "t" : 1756390680721,
      "tn" : 1756390680721994620,
      "q" : "10",
      "p" : "0.06727",
      "s" : "sell",
      "i" : "ZKUSD-PERP",
      "m" : "4611686018428065562"
    }, {
      "d" : "1756390667959411194",
      "t" : 1756390667959,
      "tn" : 1756390667959411194,
      "q" : "1400",
      "p" : "0.06755",
      "s" : "buy",
      "i" : "ZKUSD-PERP",
      "m" : "4611686018428065561"
    }, {
      "d" : "1756390667959409229",
      "t" : 1756390667959,
      "tn" : 1756390667959409229,
      "q" : "10",
      "p" : "0.06749",
      "s" : "buy",
      "i" : "ZKUSD-PERP",
      "m" : "4611686018428065560"
    }, {
      "d" : "1756390667959407932",
      "t" : 1756390667959,
      "tn" : 1756390667959407932,
      "q" : "10",
      "p" : "0.06745",
      "s" : "buy",
      "i" : "ZKUSD-PERP",
      "m" : "4611686018428065559"
    }, {
      "d" : "1756390667949118397",
      "t" : 1756390667949,
      "tn" : 1756390667949118397,
      "q" : "2220",
      "p" : "0.06733",
      "s" : "buy",
      "i" : "ZKUSD-PERP",
      "m" : "4611686018428065558"
    }, {
      "d" : "1756390660058162432",
      "t" : 1756390660058,
      "tn" : 1756390660058162432,
      "q" : "1410",
      "p" : "0.06697",
      "s" : "buy",
      "i" : "ZKUSD-PERP",
      "m" : "4611686018428065557"
    }, {
      "d" : "1756390660057366832",
      "t" : 1756390660057,
      "tn" : 1756390660057366832,
      "q" : "1490",
      "p" : "0.06685",
      "s" : "buy",
      "i" : "ZKUSD-PERP",
      "m" : "4611686018428065556"
    }, {
      "d" : "1756390660056186801",
      "t" : 1756390660056,
      "tn" : 1756390660056186801,
      "q" : "10",
      "p" : "0.06665",
      "s" : "buy",
      "i" : "ZKUSD-PERP",
      "m" : "4611686018428065555"
    }, {
      "d" : "1756390659331077986",
      "t" : 1756390659331,
      "tn" : 1756390659331077986,
      "q" : "1490",
      "p" : "0.06669",
      "s" : "buy",
      "i" : "ZKUSD-PERP",
      "m" : "4611686018428065554"
    }, {
      "d" : "1756390600215136583",
      "t" : 1756390600215,
      "tn" : 1756390600215136583,
      "q" : "2230",
      "p" : "0.06725",
      "s" : "sell",
      "i" : "ZKUSD-PERP",
      "m" : "4611686018428065553"
    }, {
      "d" : "1756390600215134856",
      "t" : 1756390600215,
      "tn" : 1756390600215134855,
      "q" : "10",
      "p" : "0.06730",
      "s" : "sell",
      "i" : "ZKUSD-PERP",
      "m" : "4611686018428065552"
    }, {
      "d" : "1756390600215134855",
      "t" : 1756390600215,
      "tn" : 1756390600215134855,
      "q" : "10",
      "p" : "0.06730",
      "s" : "sell",
      "i" : "ZKUSD-PERP",
      "m" : "4611686018428065552"
    }, {
      "d" : "1756390599375995852",
      "t" : 1756390599375,
      "tn" : 1756390599375995852,
      "q" : "1480",
      "p" : "0.06744",
      "s" : "buy",
      "i" : "ZKUSD-PERP",
      "m" : "4611686018428065551"
    }, {
      "d" : "1756390599375035098",
      "t" : 1756390599375,
      "tn" : 1756390599375035098,
      "q" : "2220",
      "p" : "0.06730",
      "s" : "buy",
      "i" : "ZKUSD-PERP",
      "m" : "4611686018428065550"
    } ]
  }
}