{
  "id" : -1,
  "method" : "public/get-trades",
  "code" : 0,
  "result" : {
    "data" : [ {
      "d" : "1756463032988535448",
      "t" : 1756463032988,
      "tn" : 1756463032988535448,
      "q" : "63",
      "p" : "0.074290",
      "s" : "sell",
      "i" : "ZORA_USD",
      "m" : "4611686018427392335"
    }, {
      "d" : "1756462589884626690",
      "t" : 1756462589884,
      "tn" : 1756462589884626690,
      "q" : "269",
      "p" : "0.074290",
      "s" : "sell",
      "i" : "ZORA_USD",
      "m" : "4611686018427392334"
    }, {
      "d" : "1756462589858648923",
      "t" : 1756462589858,
      "tn" : 1756462589858648923,
      "q" : "538",
      "p" : "0.074290",
      "s" : "sell",
      "i" : "ZORA_USD",
      "m" : "4611686018427392333"
    }, {
      "d" : "1756462589852846170",
      "t" : 1756462589852,
      "tn" : 1756462589852846170,
      "q" : "345",
      "p" : "0.074290",
      "s" : "sell",
      "i" : "ZORA_USD",
      "m" : "4611686018427392332"
    }, {
      "d" : "1756458067726700746",
      "t" : 1756458067726,
      "tn" : 1756458067726700746,
      "q" : "2452",
      "p" : "0.074575",
      "s" : "sell",
      "i" : "ZORA_USD",
      "m" : "4611686018427392331"
    }, {
      "d" : "1756455443148946453",
      "t" : 1756455443148,
      "tn" : 1756455443148946453,
      "q" : "66",
      "p" : "0.076300",
      "s" : "sell",
      "i" : "ZORA_USD",
      "m" : "4611686018427392330"
    }, {
      "d" : "1756455372267139055",
      "t" : 1756455372267,
      "tn" : 1756455372267139055,
      "q" : "524",
      "p" : "0.076300",
      "s" : "sell",
      "i" : "ZORA_USD",
      "m" : "4611686018427392329"
    }, {
      "d" : "1756455371613353545",
      "t" : 1756455371613,
      "tn" : 1756455371613353545,
      "q" : "245",
      "p" : "0.076300",
      "s" : "sell",
      "i" : "ZORA_USD",
      "m" : "4611686018427392328"
    }, {
      "d" : "1756455371536980001",
      "t" : 1756455371536,
      "tn" : 1756455371536980001,
      "q" : "344",
      "p" : "0.076300",
      "s" : "sell",
      "i" : "ZORA_USD",
      "m" : "4611686018427392327"
    }, {
      "d" : "1756452668814217038",
      "t" : 1756452668814,
      "tn" : 1756452668814217038,
      "q" : "3140",
      "p" : "0.075820",
      "s" : "buy",
      "i" : "ZORA_USD",
      "m" : "4611686018427392326"
    }, {
      "d" : "1756450018616691224",
      "t" : 1756450018616,
      "tn" : 1756450018616691224,
      "q" : "940",
      "p" : "0.078146",
      "s" : "sell",
      "i" : "ZORA_USD",
      "m" : "4611686018427392325"
    }, {
      "d" : "1756450018616408027",
      "t" : 1756450018616,
      "tn" : 1756450018616408027,
      "q" : "1920",
      "p" : "0.078146",
      "s" : "sell",
      "i" : "ZORA_USD",
      "m" : "4611686018427392324"
    }, {
      "d" : "1756450018615930602",
      "t" : 1756450018615,
      "tn" : 1756450018615930602,
      "q" : "640",
      "p" : "0.078146",
      "s" : "sell",
      "i" : "ZORA_USD",
      "m" : "4611686018427392323"
    }, {
      "d" : "1756449996176619194",
      "t" : 1756449996176,
      "tn" : 1756449996176619194,
      "q" : "640",
      "p" : "0.078035",
      "s" : "sell",
      "i" : "ZORA_USD",
      "m" : "4611686018427392322"
    }, {
      "d" : "1756449996176279166",
      "t" : 1756449996176,
      "tn" : 1756449996176279166,
      "q" : "1280",
      "p" : "0.078035",
      "s" : "sell",
      "i" : "ZORA_USD",
      "m" : "4611686018427392321"
    }, {
      "d" : "1756449996176003870",
      "t" : 1756449996176,
      "tn" : 1756449996176003870,
      "q" : "640",
      "p" : "0.078035",
      "s" : "sell",
      "i" : "ZORA_USD",
      "m" : "4611686018427392320"
    }, {
      "d" : "1756449560290753362",
      "t" : 1756449560290,
      "tn" : 1756449560290753362,
      "q" : "145",
      "p" : "0.077511",
      "s" : "sell",
      "i" : "ZORA_USD",
      "m" : "4611686018427392319"
    }, {
      "d" : "1756449560273383054",
      "t" : 1756449560273,
      "tn" : 1756449560273383054,
      "q" : "145",
      "p" : "0.077511",
      "s" : "sell",
      "i" : "ZORA_USD",
      "m" : "4611686018427392318"
    }, {
      "d" : "1756449557718047203",
      "t" : 1756449557718,
      "tn" : 1756449557718047203,
      "q" : "110",
      "p" : "0.077435",
      "s" : "sell",
      "i" : "ZORA_USD",
      "m" : "4611686018427392317"
    }, {
      "d" : "1756449461196926475",
      "t" : 1756449461196,
      "tn" : 1756449461196926475,
      "q" : "5196",
      "p" : "0.076982",
      "s" : "sell",
      "i" : "ZORA_USD",
      "m" : "4611686018427392316"
    }, {
      "d" : "1756448161418064760",
      "t" : 1756448161418,
      "tn" : 1756448161418064760,
      "q" : "1",
      "p" : "0.077315",
      "s" : "sell",
      "i" : "ZORA_USD",
      "m" : "4611686018427392315"
    }, {
      "d" : "1756448161403538428",
      "t" : 1756448161403,
      "tn" : 1756448161403538428,
      "q" : "146",
      "p" : "0.077315",
      "s" : "sell",
      "i" : "ZORA_USD",
      "m" : "4611686018427392314"
    }, {
      "d" : "1756448066054083887",
      "t" : 1756448066054,
      "tn" : 1756448066054083887,
      "q" : "1002",
      "p" : "0.077527",
      "s" : "sell",
      "i" : "ZORA_USD",
      "m" : "4611686018427392313"
    }, {
      "d" : "1756448066053321798",
      "t" : 1756448066053,
      "tn" : 1756448066053321798,
      "q" : "256",
      "p" : "0.077704",
      "s" : "sell",
      "i" : "ZORA_USD",
      "m" : "4611686018427392312"
    }, {
      "d" : "1756448066052351121",
      "t" : 1756448066052,
      "tn" : 1756448066052351121,
      "q" : "10",
      "p" : "0.078023",
      "s" : "sell",
      "i" : "ZORA_USD",
      "m" : "4611686018427392311"
    }, {
      "d" : "1756448064282265652",
      "t" : 1756448064282,
      "tn" : 1756448064282265652,
      "q" : "256",
      "p" : "0.078023",
      "s" : "sell",
      "i" : "ZORA_USD",
      "m" : "4611686018427392310"
    }, {
      "d" : "1756447535142387042",
      "t" : 1756447535142,
      "tn" : 1756447535142387042,
      "q" : "393",
      "p" : "0.078372",
      "s" : "sell",
      "i" : "ZORA_USD",
      "m" : "4611686018427392309"
    }, {
      "d" : "1756447376846104318",
      "t" : 1756447376846,
      "tn" : 1756447376846104318,
      "q" : "1387",
      "p" : "0.078413",
      "s" : "sell",
      "i" : "ZORA_USD",
      "m" : "4611686018427392308"
    }, {
      "d" : "1756442177325813905",
      "t" : 1756442177325,
      "tn" : 1756442177325813905,
      "q" : "206",
      "p" : "0.080100",
      "s" : "sell",
      "i" : "ZORA_USD",
      "m" : "4611686018427392307"
    }, {
      "d" : "1756442177290724798",
      "t" : 1756442177290,
      "tn" : 1756442177290724798,
      "q" : "499",
      "p" : "0.080100",
      "s" : "sell",
      "i" : "ZORA_USD",
      "m" : "4611686018427392306"
    }, {
      "d" : "1756442174553574175",
      "t" : 1756442174553,
      "tn" : 1756442174553574175,
      "q" : "356",
      "p" : "0.080100",
      "s" : "sell",
      "i" : "ZORA_USD",
      "m" : "4611686018427392305"
    }, {
      "d" : "1756439364778529457",
      "t" : 1756439364778,
      "tn" : 1756439364778529457,
      "q" : "103",
      "p" : "0.080124",
      "s" : "buy",
      "i" : "ZORA_USD",
      "m" : "4611686018427392304"
    }, {
      "d" : "1756439364778527631",
      "t" : 1756439364778,
      "tn" : 1756439364778527631,
      "q" : "525",
      "p" : "0.079865",
      "s" : "buy",
      "i" : "ZORA_USD",
      "m" : "4611686018427392303"
    }, {
      "d" : "1756439364458527061",
      "t" : 1756439364458,
      "tn" : 1756439364458527061,
      "q" : "393",
      "p" : "0.079712",
      "s" : "buy",
      "i" : "ZORA_USD",
      "m" : "4611686018427392302"
    }, {
      "d" : "1756439364458525535",
      "t" : 1756439364458,
      "tn" : 1756439364458525535,
      "q" : "207",
      "p" : "0.079667",
      "s" : "buy",
      "i" : "ZORA_USD",
      "m" : "4611686018427392301"
    }, {
      "d" : "1756439364457615364",
      "t" : 1756439364457,
      "tn" : 1756439364457615364,
      "q" : "1240",
      "p" : "0.079667",
      "s" : "buy",
      "i" : "ZORA_USD",
      "m" : "4611686018427392300"
    }, {
      "d" : "1756439364456194485",
      "t" : 1756439364456,
      "tn" : 1756439364456194485,
      "q" : "620",
      "p" : "0.079677",
      "s" : "buy",
      "i" : "ZORA_USD",
      "m" : "4611686018427392299"
    }, {
      "d" : "1756439364456123145",
      "t" : 1756439364456,
      "tn" : 1756439364456123145,
      "q" : "4401",
      "p" : "0.079677",
      "s" : "buy",
      "i" : "ZORA_USD",
      "m" : "4611686018427392298"
    }, {
      "d" : "1756439364451094159",
      "t" : 1756439364451,
      "tn" : 1756439364451094159,
      "q" : "1386",
      "p" : "0.079668",
      "s" : "buy",
      "i" : "ZORA_USD",
      "m" : "4611686018427392297"
    }, {
      "d" : "1756439364451033616",
      "t" : 1756439364451,
      "tn" : 1756439364451033616,
      "q" : "4890",
      "p" : "0.079668",
      "s" : "buy",
      "i" : "ZORA_USD",
      "m" : "4611686018427392296"
    }, {
      "d" : "1756439332247519668",
      "t" : 1756439332247,
      "tn" : 1756439332247519668,
      "q" : "1114",
      "p" : "0.079485",
      "s" : "buy",
      "i" : "ZORA_USD",
      "m" : "4611686018427392295"
    }, {
      "d" : "1756439332247517968",
      "t" : 1756439332247,
      "tn" : 1756439332247517968,
      "q" : "1446",
      "p" : "0.079370",
      "s" : "buy",
      "i" : "ZORA_USD",
      "m" : "4611686018427392294"
    }, {
      "d" : "1756436776313455922",
      "t" : 1756436776313,
      "tn" : 1756436776313455922,
      "q" : "266",
      "p" : "0.078202",
      "s" : "sell",
      "i" : "ZORA_USD",
      "m" : "4611686018427392293"
    }, {
      "d" : "1756436266368309899",
      "t" : 1756436266368,
      "tn" : 1756436266368309899,
      "q" : "49",
      "p" : "0.078634",
      "s" : "sell",
      "i" : "ZORA_USD",
      "m" : "4611686018427392292"
    }, {
      "d" : "1756434658659034523",
      "t" : 1756434658659,
      "tn" : 1756434658659034523,
      "q" : "491",
      "p" : "0.078204",
      "s" : "sell",
      "i" : "ZORA_USD",
      "m" : "4611686018427392291"
    }, {
      "d" : "1756433045132310275",
      "t" : 1756433045132,
      "tn" : 1756433045132310275,
      "q" : "630",
      "p" : "0.078642",
      "s" : "sell",
      "i" : "ZORA_USD",
      "m" : "4611686018427392290"
    }, {
      "d" : "1756433045131609067",
      "t" : 1756433045131,
      "tn" : 1756433045131609067,
      "q" : "630",
      "p" : "0.078642",
      "s" : "sell",
      "i" : "ZORA_USD",
      "m" : "4611686018427392289"
    }, {
      "d" : "1756433045131083102",
      "t" : 1756433045131,
      "tn" : 1756433045131083102,
      "q" : "630",
      "p" : "0.078642",
      "s" : "sell",
      "i" : "ZORA_USD",
      "m" : "4611686018427392288"
    }, {
      "d" : "1756433045112132451",
      "t" : 1756433045112,
      "tn" : 1756433045112132451,
      "q" : "2572",
      "p" : "0.078653",
      "s" : "sell",
      "i" : "ZORA_USD",
      "m" : "4611686018427392287"
    }, {
      "d" : "1756433045109896749",
      "t" : 1756433045109,
      "tn" : 1756433045109896749,
      "q" : "1004",
      "p" : "0.078653",
      "s" : "sell",
      "i" : "ZORA_USD",
      "m" : "4611686018427392286"
    }, {
      "d" : "1756433045109894048",
      "t" : 1756433045109,
      "tn" : 1756433045109894048,
      "q" : "266",
      "p" : "0.078748",
      "s" : "sell",
      "i" : "ZORA_USD",
      "m" : "4611686018427392285"
    }, {
      "d" : "1756432027560642283",
      "t" : 1756432027560,
      "tn" : 1756432027560642283,
      "q" : "1264",
      "p" : "0.078874",
      "s" : "sell",
      "i" : "ZORA_USD",
      "m" : "4611686018427392284"
    }, {
      "d" : "1756432027559473539",
      "t" : 1756432027559,
      "tn" : 1756432027559473539,
      "q" : "266",
      "p" : "0.078874",
      "s" : "sell",
      "i" : "ZORA_USD",
      "m" : "4611686018427392283"
    }, {
      "d" : "1756432027551034307",
      "t" : 1756432027551,
      "tn" : 1756432027551034307,
      "q" : "4902",
      "p" : "0.079254",
      "s" : "sell",
      "i" : "ZORA_USD",
      "m" : "4611686018427392282"
    }, {
      "d" : "1756432027551032704",
      "t" : 1756432027551,
      "tn" : 1756432027551032704,
      "q" : "148",
      "p" : "0.079265",
      "s" : "sell",
      "i" : "ZORA_USD",
      "m" : "4611686018427392281"
    }, {
      "d" : "1756429449441735369",
      "t" : 1756429449441,
      "tn" : 1756429449441735369,
      "q" : "1803",
      "p" : "0.080482",
      "s" : "sell",
      "i" : "ZORA_USD",
      "m" : "4611686018427392280"
    }, {
      "d" : "1756428719038017522",
      "t" : 1756428719038,
      "tn" : 1756428719038017522,
      "q" : "247",
      "p" : "0.078912",
      "s" : "sell",
      "i" : "ZORA_USD",
      "m" : "4611686018427392279"
    }, {
      "d" : "1756428719037183352",
      "t" : 1756428719037,
      "tn" : 1756428719037183352,
      "q" : "326",
      "p" : "0.079651",
      "s" : "sell",
      "i" : "ZORA_USD",
      "m" : "4611686018427392278"
    }, {
      "d" : "1756428719031263556",
      "t" : 1756428719031,
      "tn" : 1756428719031263556,
      "q" : "4324",
      "p" : "0.079897",
      "s" : "sell",
      "i" : "ZORA_USD",
      "m" : "4611686018427392277"
    }, {
      "d" : "1756428719031261934",
      "t" : 1756428719031,
      "tn" : 1756428719031261934,
      "q" : "125",
      "p" : "0.080000",
      "s" : "sell",
      "i" : "ZORA_USD",
      "m" : "4611686018427392276"
    }, {
      "d" : "1756428719031259237",
      "t" : 1756428719031,
      "tn" : 1756428719031259237,
      "q" : "500",
      "p" : "0.080001",
      "s" : "sell",
      "i" : "ZORA_USD",
      "m" : "4611686018427392275"
    }, {
      "d" : "1756428719030633596",
      "t" : 1756428719030,
      "tn" : 1756428719030633596,
      "q" : "2505",
      "p" : "0.080001",
      "s" : "sell",
      "i" : "ZORA_USD",
      "m" : "4611686018427392274"
    }, {
      "d" : "1756428719029519468",
      "t" : 1756428719029,
      "tn" : 1756428719029519468,
      "q" : "51",
      "p" : "0.080693",
      "s" : "sell",
      "i" : "ZORA_USD",
      "m" : "4611686018427392273"
    }, {
      "d" : "1756428637228972396",
      "t" : 1756428637228,
      "tn" : 1756428637228972396,
      "q" : "46",
      "p" : "0.080693",
      "s" : "sell",
      "i" : "ZORA_USD",
      "m" : "4611686018427392272"
    }, {
      "d" : "1756428637228970399",
      "t" : 1756428637228,
      "tn" : 1756428637228970399,
      "q" : "326",
      "p" : "0.080694",
      "s" : "sell",
      "i" : "ZORA_USD",
      "m" : "4611686018427392271"
    }, {
      "d" : "1756426405903900350",
      "t" : 1756426405903,
      "tn" : 1756426405903900350,
      "q" : "340",
      "p" : "0.082062",
      "s" : "sell",
      "i" : "ZORA_USD",
      "m" : "4611686018427392270"
    }, {
      "d" : "1756426405895016314",
      "t" : 1756426405895,
      "tn" : 1756426405895016314,
      "q" : "1696",
      "p" : "0.082062",
      "s" : "sell",
      "i" : "ZORA_USD",
      "m" : "4611686018427392269"
    }, {
      "d" : "1756426404319177555",
      "t" : 1756426404319,
      "tn" : 1756426404319177555,
      "q" : "203",
      "p" : "0.081795",
      "s" : "sell",
      "i" : "ZORA_USD",
      "m" : "4611686018427392268"
    }, {
      "d" : "1756426404319175073",
      "t" : 1756426404319,
      "tn" : 1756426404319175073,
      "q" : "203",
      "p" : "0.081795",
      "s" : "sell",
      "i" : "ZORA_USD",
      "m" : "4611686018427392267"
    }, {
      "d" : "1756426404319116574",
      "t" : 1756426404319,
      "tn" : 1756426404319116574,
      "q" : "203",
      "p" : "0.081795",
      "s" : "sell",
      "i" : "ZORA_USD",
      "m" : "4611686018427392266"
    }, {
      "d" : "1756426404295074397",
      "t" : 1756426404295,
      "tn" : 1756426404295074397,
      "q" : "2081",
      "p" : "0.082162",
      "s" : "sell",
      "i" : "ZORA_USD",
      "m" : "4611686018427392265"
    }, {
      "d" : "1756426403919459267",
      "t" : 1756426403919,
      "tn" : 1756426403919459267,
      "q" : "128",
      "p" : "0.082563",
      "s" : "sell",
      "i" : "ZORA_USD",
      "m" : "4611686018427392264"
    }, {
      "d" : "1756426403919457396",
      "t" : 1756426403919,
      "tn" : 1756426403919457396,
      "q" : "4705",
      "p" : "0.082564",
      "s" : "sell",
      "i" : "ZORA_USD",
      "m" : "4611686018427392263"
    }, {
      "d" : "1756422825435981304",
      "t" : 1756422825435,
      "tn" : 1756422825435981304,
      "q" : "590",
      "p" : "0.084177",
      "s" : "sell",
      "i" : "ZORA_USD",
      "m" : "4611686018427392262"
    }, {
      "d" : "1756422825435354578",
      "t" : 1756422825435,
      "tn" : 1756422825435354578,
      "q" : "1460",
      "p" : "0.084177",
      "s" : "sell",
      "i" : "ZORA_USD",
      "m" : "4611686018427392261"
    }, {
      "d" : "1756421778536795989",
      "t" : 1756421778536,
      "tn" : 1756421778536795989,
      "q" : "219",
      "p" : "0.084776",
      "s" : "buy",
      "i" : "ZORA_USD",
      "m" : "4611686018427392260"
    }, {
      "d" : "1756421442010789111",
      "t" : 1756421442010,
      "tn" : 1756421442010789111,
      "q" : "1770",
      "p" : "0.084455",
      "s" : "buy",
      "i" : "ZORA_USD",
      "m" : "4611686018427392259"
    }, {
      "d" : "1756421442010109318",
      "t" : 1756421442010,
      "tn" : 1756421442010109318,
      "q" : "2969",
      "p" : "0.084455",
      "s" : "buy",
      "i" : "ZORA_USD",
      "m" : "4611686018427392258"
    }, {
      "d" : "1756420284908335873",
      "t" : 1756420284908,
      "tn" : 1756420284908335873,
      "q" : "12",
      "p" : "0.083920",
      "s" : "sell",
      "i" : "ZORA_USD",
      "m" : "4611686018427392257"
    }, {
      "d" : "1756420284894967892",
      "t" : 1756420284894,
      "tn" : 1756420284894967892,
      "q" : "12",
      "p" : "0.084728",
      "s" : "sell",
      "i" : "ZORA_USD",
      "m" : "4611686018427392256"
    }, {
      "d" : "1756420284834437557",
      "t" : 1756420284834,
      "tn" : 1756420284834437557,
      "q" : "2300",
      "p" : "0.084729",
      "s" : "buy",
      "i" : "ZORA_USD",
      "m" : "4611686018427392255"
    }, {
      "d" : "1756420284828567553",
      "t" : 1756420284828,
      "tn" : 1756420284828567553,
      "q" : "2100",
      "p" : "0.084729",
      "s" : "buy",
      "i" : "ZORA_USD",
      "m" : "4611686018427392254"
    }, {
      "d" : "1756420284734375798",
      "t" : 1756420284734,
      "tn" : 1756420284734375798,
      "q" : "2300",
      "p" : "0.084729",
      "s" : "buy",
      "i" : "ZORA_USD",
      "m" : "4611686018427392253"
    }, {
      "d" : "1756420053135329630",
      "t" : 1756420053135,
      "tn" : 1756420053135329629,
      "q" : "858",
      "p" : "0.084843",
      "s" : "buy",
      "i" : "ZORA_USD",
      "m" : "4611686018427392252"
    }, {
      "d" : "1756420053135329629",
      "t" : 1756420053135,
      "tn" : 1756420053135329629,
      "q" : "320",
      "p" : "0.084843",
      "s" : "buy",
      "i" : "ZORA_USD",
      "m" : "4611686018427392252"
    }, {
      "d" : "1756419153023152696",
      "t" : 1756419153023,
      "tn" : 1756419153023152696,
      "q" : "1187",
      "p" : "0.084218",
      "s" : "buy",
      "i" : "ZORA_USD",
      "m" : "4611686018427392251"
    }, {
      "d" : "1756418827237143590",
      "t" : 1756418827237,
      "tn" : 1756418827237143589,
      "q" : "872",
      "p" : "0.083843",
      "s" : "buy",
      "i" : "ZORA_USD",
      "m" : "4611686018427392250"
    }, {
      "d" : "1756418827237143589",
      "t" : 1756418827237,
      "tn" : 1756418827237143589,
      "q" : "320",
      "p" : "0.083843",
      "s" : "buy",
      "i" : "ZORA_USD",
      "m" : "4611686018427392250"
    }, {
      "d" : "1756418784698431441",
      "t" : 1756418784698,
      "tn" : 1756418784698431441,
      "q" : "628",
      "p" : "0.083566",
      "s" : "buy",
      "i" : "ZORA_USD",
      "m" : "4611686018427392249"
    }, {
      "d" : "1756418784697563056",
      "t" : 1756418784697,
      "tn" : 1756418784697563056,
      "q" : "648",
      "p" : "0.083566",
      "s" : "buy",
      "i" : "ZORA_USD",
      "m" : "4611686018427392248"
    }, {
      "d" : "1756418784697561401",
      "t" : 1756418784697,
      "tn" : 1756418784697561401,
      "q" : "1402",
      "p" : "0.083553",
      "s" : "buy",
      "i" : "ZORA_USD",
      "m" : "4611686018427392247"
    }, {
      "d" : "1756418784695983725",
      "t" : 1756418784695,
      "tn" : 1756418784695983725,
      "q" : "2741",
      "p" : "0.083553",
      "s" : "buy",
      "i" : "ZORA_USD",
      "m" : "4611686018427392246"
    }, {
      "d" : "1756418784695756318",
      "t" : 1756418784695,
      "tn" : 1756418784695756318,
      "q" : "1180",
      "p" : "0.083553",
      "s" : "buy",
      "i" : "ZORA_USD",
      "m" : "4611686018427392245"
    }, {
      "d" : "1756418784694935848",
      "t" : 1756418784694,
      "tn" : 1756418784694935848,
      "q" : "3016",
      "p" : "0.083553",
      "s" : "buy",
      "i" : "ZORA_USD",
      "m" : "4611686018427392244"
    }, {
      "d" : "1756418085291619478",
      "t" : 1756418085291,
      "tn" : 1756418085291619478,
      "q" : "95",
      "p" : "0.082948",
      "s" : "buy",
      "i" : "ZORA_USD",
      "m" : "4611686018427392243"
    }, {
      "d" : "1756418085291594804",
      "t" : 1756418085291,
      "tn" : 1756418085291594804,
      "q" : "95",
      "p" : "0.082948",
      "s" : "buy",
      "i" : "ZORA_USD",
      "m" : "4611686018427392242"
    }, {
      "d" : "1756418085291592919",
      "t" : 1756418085291,
      "tn" : 1756418085291592919,
      "q" : "95",
      "p" : "0.082948",
      "s" : "buy",
      "i" : "ZORA_USD",
      "m" : "4611686018427392241"
    }, {
      "d" : "1756418085291590728",
      "t" : 1756418085291,
      "tn" : 1756418085291590728,
      "q" : "95",
      "p" : "0.082948",
      "s" : "buy",
      "i" : "ZORA_USD",
      "m" : "4611686018427392240"
    }, {
      "d" : "1756418085291433953",
      "t" : 1756418085291,
      "tn" : 1756418085291433953,
      "q" : "95",
      "p" : "0.082948",
      "s" : "buy",
      "i" : "ZORA_USD",
      "m" : "4611686018427392239"
    }, {
      "d" : "1756418085291431805",
      "t" : 1756418085291,
      "tn" : 1756418085291431805,
      "q" : "95",
      "p" : "0.082948",
      "s" : "buy",
      "i" : "ZORA_USD",
      "m" : "4611686018427392238"
    }, {
      "d" : "1756418085291429602",
      "t" : 1756418085291,
      "tn" : 1756418085291429602,
      "q" : "95",
      "p" : "0.082948",
      "s" : "buy",
      "i" : "ZORA_USD",
      "m" : "4611686018427392237"
    }, {
      "d" : "1756418085291428839",
      "t" : 1756418085291,
      "tn" : 1756418085291428839,
      "q" : "95",
      "p" : "0.082948",
      "s" : "buy",
      "i" : "ZORA_USD",
      "m" : "4611686018427392236"
    }, {
      "d" : "1756418085291426278",
      "t" : 1756418085291,
      "tn" : 1756418085291426278,
      "q" : "95",
      "p" : "0.082948",
      "s" : "buy",
      "i" : "ZORA_USD",
      "m" : "4611686018427392235"
    }, {
      "d" : "1756418085291425835",
      "t" : 1756418085291,
      "tn" : 1756418085291425835,
      "q" : "95",
      "p" : "0.082948",
      "s" : "buy",
      "i" : "ZORA_USD",
      "m" : "4611686018427392234"
    }, {
      "d" : "1756418085291424932",
      "t" : 1756418085291,
      "tn" : 1756418085291424932,
      "q" : "95",
      "p" : "0.082948",
      "s" : "buy",
      "i" : "ZORA_USD",
      "m" : "4611686018427392233"
    }, {
      "d" : "1756418085291341256",
      "t" : 1756418085291,
      "tn" : 1756418085291341256,
      "q" : "95",
      "p" : "0.082948",
      "s" : "buy",
      "i" : "ZORA_USD",
      "m" : "4611686018427392232"
    }, {
      "d" : "1756418085291339814",
      "t" : 1756418085291,
      "tn" : 1756418085291339814,
      "q" : "95",
      "p" : "0.082948",
      "s" : "buy",
      "i" : "ZORA_USD",
      "m" : "4611686018427392231"
    }, {
      "d" : "1756418085291336510",
      "t" : 1756418085291,
      "tn" : 1756418085291336510,
      "q" : "95",
      "p" : "0.082948",
      "s" : "buy",
      "i" : "ZORA_USD",
      "m" : "4611686018427392230"
    }, {
      "d" : "1756418085291308982",
      "t" : 1756418085291,
      "tn" : 1756418085291308982,
      "q" : "95",
      "p" : "0.082948",
      "s" : "buy",
      "i" : "ZORA_USD",
      "m" : "4611686018427392229"
    }, {
      "d" : "1756418085291299661",
      "t" : 1756418085291,
      "tn" : 1756418085291299661,
      "q" : "95",
      "p" : "0.082948",
      "s" : "buy",
      "i" : "ZORA_USD",
      "m" : "4611686018427392228"
    }, {
      "d" : "1756418085291295585",
      "t" : 1756418085291,
      "tn" : 1756418085291295585,
      "q" : "95",
      "p" : "0.082948",
      "s" : "buy",
      "i" : "ZORA_USD",
      "m" : "4611686018427392227"
    }, {
      "d" : "1756418085291293184",
      "t" : 1756418085291,
      "tn" : 1756418085291293184,
      "q" : "95",
      "p" : "0.082948",
      "s" : "buy",
      "i" : "ZORA_USD",
      "m" : "4611686018427392226"
    }, {
      "d" : "1756415306479175628",
      "t" : 1756415306479,
      "tn" : 1756415306479175628,
      "q" : "600",
      "p" : "0.083058",
      "s" : "buy",
      "i" : "ZORA_USD",
      "m" : "4611686018427392225"
    }, {
      "d" : "1756413583183319849",
      "t" : 1756413583183,
      "tn" : 1756413583183319849,
      "q" : "620",
      "p" : "0.080332",
      "s" : "buy",
      "i" : "ZORA_USD",
      "m" : "4611686018427392224"
    }, {
      "d" : "1756413583182401147",
      "t" : 1756413583182,
      "tn" : 1756413583182401147,
      "q" : "2501",
      "p" : "0.080332",
      "s" : "buy",
      "i" : "ZORA_USD",
      "m" : "4611686018427392223"
    }, {
      "d" : "1756412448408481263",
      "t" : 1756412448408,
      "tn" : 1756412448408481263,
      "q" : "109",
      "p" : "0.080000",
      "s" : "sell",
      "i" : "ZORA_USD",
      "m" : "4611686018427392222"
    }, {
      "d" : "1756412439299285439",
      "t" : 1756412439299,
      "tn" : 1756412439299285439,
      "q" : "16",
      "p" : "0.080000",
      "s" : "sell",
      "i" : "ZORA_USD",
      "m" : "4611686018427392221"
    }, {
      "d" : "1756412439299283538",
      "t" : 1756412439299,
      "tn" : 1756412439299283538,
      "q" : "187",
      "p" : "0.080262",
      "s" : "sell",
      "i" : "ZORA_USD",
      "m" : "4611686018427392220"
    }, {
      "d" : "1756412434679201940",
      "t" : 1756412434679,
      "tn" : 1756412434679201940,
      "q" : "188",
      "p" : "0.080615",
      "s" : "sell",
      "i" : "ZORA_USD",
      "m" : "4611686018427392219"
    }, {
      "d" : "1756412416648931339",
      "t" : 1756412416648,
      "tn" : 1756412416648931339,
      "q" : "496",
      "p" : "0.080615",
      "s" : "sell",
      "i" : "ZORA_USD",
      "m" : "4611686018427392218"
    }, {
      "d" : "1756412416602876491",
      "t" : 1756412416602,
      "tn" : 1756412416602876491,
      "q" : "310",
      "p" : "0.080615",
      "s" : "sell",
      "i" : "ZORA_USD",
      "m" : "4611686018427392217"
    }, {
      "d" : "1756412416449645944",
      "t" : 1756412416449,
      "tn" : 1756412416449645944,
      "q" : "496",
      "p" : "0.080615",
      "s" : "sell",
      "i" : "ZORA_USD",
      "m" : "4611686018427392216"
    }, {
      "d" : "1756411874461865206",
      "t" : 1756411874461,
      "tn" : 1756411874461865206,
      "q" : "64",
      "p" : "0.080262",
      "s" : "sell",
      "i" : "ZORA_USD",
      "m" : "4611686018427392215"
    }, {
      "d" : "1756411874461863593",
      "t" : 1756411874461,
      "tn" : 1756411874461863593,
      "q" : "247",
      "p" : "0.080263",
      "s" : "sell",
      "i" : "ZORA_USD",
      "m" : "4611686018427392214"
    }, {
      "d" : "1756409925439988353",
      "t" : 1756409925439,
      "tn" : 1756409925439988353,
      "q" : "139",
      "p" : "0.081879",
      "s" : "sell",
      "i" : "ZORA_USD",
      "m" : "4611686018427392213"
    }, {
      "d" : "1756409622078278921",
      "t" : 1756409622078,
      "tn" : 1756409622078278921,
      "q" : "210",
      "p" : "0.082070",
      "s" : "sell",
      "i" : "ZORA_USD",
      "m" : "4611686018427392212"
    }, {
      "d" : "1756409622057758900",
      "t" : 1756409622057,
      "tn" : 1756409622057758900,
      "q" : "202",
      "p" : "0.082070",
      "s" : "sell",
      "i" : "ZORA_USD",
      "m" : "4611686018427392211"
    }, {
      "d" : "1756409621973683694",
      "t" : 1756409621973,
      "tn" : 1756409621973683694,
      "q" : "247",
      "p" : "0.082070",
      "s" : "sell",
      "i" : "ZORA_USD",
      "m" : "4611686018427392210"
    }, {
      "d" : "1756409621955238861",
      "t" : 1756409621955,
      "tn" : 1756409621955238861,
      "q" : "240",
      "p" : "0.082070",
      "s" : "sell",
      "i" : "ZORA_USD",
      "m" : "4611686018427392209"
    }, {
      "d" : "1756404676931965676",
      "t" : 1756404676931,
      "tn" : 1756404676931965676,
      "q" : "593",
      "p" : "0.083434",
      "s" : "buy",
      "i" : "ZORA_USD",
      "m" : "4611686018427392208"
    }, {
      "d" : "1756404676927200418",
      "t" : 1756404676927,
      "tn" : 1756404676927200418,
      "q" : "450",
      "p" : "0.083434",
      "s" : "buy",
      "i" : "ZORA_USD",
      "m" : "4611686018427392207"
    }, {
      "d" : "1756404676927198707",
      "t" : 1756404676927,
      "tn" : 1756404676927198707,
      "q" : "3733",
      "p" : "0.083433",
      "s" : "buy",
      "i" : "ZORA_USD",
      "m" : "4611686018427392206"
    }, {
      "d" : "1756400956680533584",
      "t" : 1756400956680,
      "tn" : 1756400956680533584,
      "q" : "244",
      "p" : "0.084775",
      "s" : "sell",
      "i" : "ZORA_USD",
      "m" : "4611686018427392205"
    }, {
      "d" : "1756400133367127932",
      "t" : 1756400133367,
      "tn" : 1756400133367127932,
      "q" : "131",
      "p" : "0.086443",
      "s" : "sell",
      "i" : "ZORA_USD",
      "m" : "4611686018427392204"
    }, {
      "d" : "1756398790459543108",
      "t" : 1756398790459,
      "tn" : 1756398790459543108,
      "q" : "156",
      "p" : "0.087056",
      "s" : "sell",
      "i" : "ZORA_USD",
      "m" : "4611686018427392203"
    }, {
      "d" : "1756396170693727787",
      "t" : 1756396170693,
      "tn" : 1756396170693727787,
      "q" : "459",
      "p" : "0.087056",
      "s" : "sell",
      "i" : "ZORA_USD",
      "m" : "4611686018427392202"
    }, {
      "d" : "1756395953355418403",
      "t" : 1756395953355,
      "tn" : 1756395953355418403,
      "q" : "170",
      "p" : "0.087823",
      "s" : "sell",
      "i" : "ZORA_USD",
      "m" : "4611686018427392201"
    }, {
      "d" : "1756392548042017890",
      "t" : 1756392548042,
      "tn" : 1756392548042017890,
      "q" : "1119",
      "p" : "0.089307",
      "s" : "buy",
      "i" : "ZORA_USD",
      "m" : "4611686018427392200"
    }, {
      "d" : "1756391671569962816",
      "t" : 1756391671569,
      "tn" : 1756391671569962816,
      "q" : "4450",
      "p" : "0.088263",
      "s" : "sell",
      "i" : "ZORA_USD",
      "m" : "4611686018427392199"
    }, {
      "d" : "1756391671569961433",
      "t" : 1756391671569,
      "tn" : 1756391671569961433,
      "q" : "67",
      "p" : "0.088435",
      "s" : "sell",
      "i" : "ZORA_USD",
      "m" : "4611686018427392198"
    }, {
      "d" : "1756391654801562152",
      "t" : 1756391654801,
      "tn" : 1756391654801562152,
      "q" : "94",
      "p" : "0.089199",
      "s" : "buy",
      "i" : "ZORA_USD",
      "m" : "4611686018427392197"
    }, {
      "d" : "1756391654801555773",
      "t" : 1756391654801,
      "tn" : 1756391654801555773,
      "q" : "94",
      "p" : "0.089199",
      "s" : "buy",
      "i" : "ZORA_USD",
      "m" : "4611686018427392196"
    }, {
      "d" : "1756391654793859964",
      "t" : 1756391654793,
      "tn" : 1756391654793859964,
      "q" : "9",
      "p" : "0.089179",
      "s" : "buy",
      "i" : "ZORA_USD",
      "m" : "4611686018427392195"
    }, {
      "d" : "1756391654793858456",
      "t" : 1756391654793,
      "tn" : 1756391654793858456,
      "q" : "85",
      "p" : "0.088783",
      "s" : "buy",
      "i" : "ZORA_USD",
      "m" : "4611686018427392194"
    }, {
      "d" : "1756391654632659558",
      "t" : 1756391654632,
      "tn" : 1756391654632659558,
      "q" : "3834",
      "p" : "0.088782",
      "s" : "buy",
      "i" : "ZORA_USD",
      "m" : "4611686018427392193"
    }, {
      "d" : "1756391654631615311",
      "t" : 1756391654631,
      "tn" : 1756391654631615311,
      "q" : "661",
      "p" : "0.088782",
      "s" : "buy",
      "i" : "ZORA_USD",
      "m" : "4611686018427392192"
    }, {
      "d" : "1756391213296150534",
      "t" : 1756391213296,
      "tn" : 1756391213296150534,
      "q" : "211",
      "p" : "0.088435",
      "s" : "sell",
      "i" : "ZORA_USD",
      "m" : "4611686018427392191"
    }, {
      "d" : "1756390735836613078",
      "t" : 1756390735836,
      "tn" : 1756390735836613078,
      "q" : "306",
      "p" : "0.089587",
      "s" : "sell",
      "i" : "ZORA_USD",
      "m" : "4611686018427392190"
    }, {
      "d" : "1756389636034912330",
      "t" : 1756389636034,
      "tn" : 1756389636034912330,
      "q" : "560",
      "p" : "0.087888",
      "s" : "sell",
      "i" : "ZORA_USD",
      "m" : "4611686018427392189"
    } ]
  }
}