{
  "id" : -1,
  "method" : "public/get-trades",
  "code" : 0,
  "result" : {
    "data" : [ {
      "d" : "1756452668814177284",
      "t" : 1756452668814,
      "tn" : 1756452668814177284,
      "q" : "660",
      "p" : "0.075735",
      "s" : "buy",
      "i" : "ZORAUSD-PERP",
      "m" : "4611686018427539678"
    }, {
      "d" : "1756452668806780142",
      "t" : 1756452668806,
      "tn" : 1756452668806780142,
      "q" : "3800",
      "p" : "0.075696",
      "s" : "buy",
      "i" : "ZORAUSD-PERP",
      "m" : "4611686018427539677"
    }, {
      "d" : "1756452668806778381",
      "t" : 1756452668806,
      "tn" : 1756452668806778381,
      "q" : "10",
      "p" : "0.075576",
      "s" : "buy",
      "i" : "ZORAUSD-PERP",
      "m" : "4611686018427539676"
    }, {
      "d" : "1756452668806775649",
      "t" : 1756452668806,
      "tn" : 1756452668806775649,
      "q" : "10",
      "p" : "0.075573",
      "s" : "buy",
      "i" : "ZORAUSD-PERP",
      "m" : "4611686018427539675"
    }, {
      "d" : "1756452387834411335",
      "t" : 1756452387834,
      "tn" : 1756452387834411335,
      "q" : "10",
      "p" : "0.075540",
      "s" : "sell",
      "i" : "ZORAUSD-PERP",
      "m" : "4611686018427539674"
    }, {
      "d" : "1756452366157096649",
      "t" : 1756452366157,
      "tn" : 1756452366157096649,
      "q" : "10",
      "p" : "0.075480",
      "s" : "sell",
      "i" : "ZORAUSD-PERP",
      "m" : "4611686018427539673"
    }, {
      "d" : "1756452366157094523",
      "t" : 1756452366157,
      "tn" : 1756452366157094523,
      "q" : "10",
      "p" : "0.075512",
      "s" : "sell",
      "i" : "ZORAUSD-PERP",
      "m" : "4611686018427539672"
    }, {
      "d" : "1756452325562345746",
      "t" : 1756452325562,
      "tn" : 1756452325562345746,
      "q" : "5280",
      "p" : "0.075752",
      "s" : "buy",
      "i" : "ZORAUSD-PERP",
      "m" : "4611686018427539671"
    }, {
      "d" : "1756452325533555875",
      "t" : 1756452325533,
      "tn" : 1756452325533555875,
      "q" : "10",
      "p" : "0.075648",
      "s" : "buy",
      "i" : "ZORAUSD-PERP",
      "m" : "4611686018427539670"
    }, {
      "d" : "1756452325533553292",
      "t" : 1756452325533,
      "tn" : 1756452325533553292,
      "q" : "10",
      "p" : "0.075646",
      "s" : "buy",
      "i" : "ZORAUSD-PERP",
      "m" : "4611686018427539669"
    }, {
      "d" : "1756452241387224002",
      "t" : 1756452241387,
      "tn" : 1756452241387224002,
      "q" : "10",
      "p" : "0.075884",
      "s" : "buy",
      "i" : "ZORAUSD-PERP",
      "m" : "4611686018427539668"
    }, {
      "d" : "1756451886555635548",
      "t" : 1756451886555,
      "tn" : 1756451886555635548,
      "q" : "10",
      "p" : "0.076092",
      "s" : "buy",
      "i" : "ZORAUSD-PERP",
      "m" : "4611686018427539667"
    }, {
      "d" : "1756451838151618977",
      "t" : 1756451838151,
      "tn" : 1756451838151618977,
      "q" : "10",
      "p" : "0.076109",
      "s" : "buy",
      "i" : "ZORAUSD-PERP",
      "m" : "4611686018427539666"
    }, {
      "d" : "1756451787100036481",
      "t" : 1756451787100,
      "tn" : 1756451787100036481,
      "q" : "10",
      "p" : "0.075887",
      "s" : "buy",
      "i" : "ZORAUSD-PERP",
      "m" : "4611686018427539665"
    }, {
      "d" : "1756451786857953905",
      "t" : 1756451786857,
      "tn" : 1756451786857953905,
      "q" : "660",
      "p" : "0.075750",
      "s" : "sell",
      "i" : "ZORAUSD-PERP",
      "m" : "4611686018427539664"
    }, {
      "d" : "1756451786841706742",
      "t" : 1756451786841,
      "tn" : 1756451786841706742,
      "q" : "10",
      "p" : "0.076216",
      "s" : "sell",
      "i" : "ZORAUSD-PERP",
      "m" : "4611686018427539663"
    }, {
      "d" : "1756451786837523974",
      "t" : 1756451786837,
      "tn" : 1756451786837523974,
      "q" : "10",
      "p" : "0.076244",
      "s" : "sell",
      "i" : "ZORAUSD-PERP",
      "m" : "4611686018427539662"
    }, {
      "d" : "1756451763027858100",
      "t" : 1756451763027,
      "tn" : 1756451763027858100,
      "q" : "10",
      "p" : "0.076277",
      "s" : "buy",
      "i" : "ZORAUSD-PERP",
      "m" : "4611686018427539661"
    }, {
      "d" : "1756451724956535464",
      "t" : 1756451724956,
      "tn" : 1756451724956535464,
      "q" : "10",
      "p" : "0.076125",
      "s" : "buy",
      "i" : "ZORAUSD-PERP",
      "m" : "4611686018427539660"
    }, {
      "d" : "1756451719058078719",
      "t" : 1756451719058,
      "tn" : 1756451719058078719,
      "q" : "10",
      "p" : "0.076262",
      "s" : "buy",
      "i" : "ZORAUSD-PERP",
      "m" : "4611686018427539659"
    }, {
      "d" : "1756451677505335839",
      "t" : 1756451677505,
      "tn" : 1756451677505335839,
      "q" : "10",
      "p" : "0.075900",
      "s" : "buy",
      "i" : "ZORAUSD-PERP",
      "m" : "4611686018427539658"
    }, {
      "d" : "1756451626438163104",
      "t" : 1756451626438,
      "tn" : 1756451626438163104,
      "q" : "10",
      "p" : "0.076148",
      "s" : "buy",
      "i" : "ZORAUSD-PERP",
      "m" : "4611686018427539657"
    }, {
      "d" : "1756451618499127369",
      "t" : 1756451618499,
      "tn" : 1756451618499127369,
      "q" : "10",
      "p" : "0.076104",
      "s" : "sell",
      "i" : "ZORAUSD-PERP",
      "m" : "4611686018427539656"
    }, {
      "d" : "1756451616040999532",
      "t" : 1756451616040,
      "tn" : 1756451616040999532,
      "q" : "10",
      "p" : "0.076117",
      "s" : "sell",
      "i" : "ZORAUSD-PERP",
      "m" : "4611686018427539655"
    }, {
      "d" : "1756451615808452419",
      "t" : 1756451615808,
      "tn" : 1756451615808452419,
      "q" : "10",
      "p" : "0.076080",
      "s" : "buy",
      "i" : "ZORAUSD-PERP",
      "m" : "4611686018427539654"
    }, {
      "d" : "1756451595668132441",
      "t" : 1756451595668,
      "tn" : 1756451595668132441,
      "q" : "10",
      "p" : "0.076448",
      "s" : "buy",
      "i" : "ZORAUSD-PERP",
      "m" : "4611686018427539653"
    }, {
      "d" : "1756451590127994458",
      "t" : 1756451590127,
      "tn" : 1756451590127994458,
      "q" : "10",
      "p" : "0.076735",
      "s" : "sell",
      "i" : "ZORAUSD-PERP",
      "m" : "4611686018427539652"
    }, {
      "d" : "1756451590114827105",
      "t" : 1756451590114,
      "tn" : 1756451590114827105,
      "q" : "10",
      "p" : "0.076800",
      "s" : "sell",
      "i" : "ZORAUSD-PERP",
      "m" : "4611686018427539651"
    }, {
      "d" : "1756451464275786440",
      "t" : 1756451464275,
      "tn" : 1756451464275786440,
      "q" : "10",
      "p" : "0.077449",
      "s" : "buy",
      "i" : "ZORAUSD-PERP",
      "m" : "4611686018427539650"
    }, {
      "d" : "1756451378547732085",
      "t" : 1756451378547,
      "tn" : 1756451378547732085,
      "q" : "10",
      "p" : "0.077528",
      "s" : "buy",
      "i" : "ZORAUSD-PERP",
      "m" : "4611686018427539649"
    }, {
      "d" : "1756451378547729686",
      "t" : 1756451378547,
      "tn" : 1756451378547729686,
      "q" : "10",
      "p" : "0.077506",
      "s" : "buy",
      "i" : "ZORAUSD-PERP",
      "m" : "4611686018427539648"
    }, {
      "d" : "1756451340357318269",
      "t" : 1756451340357,
      "tn" : 1756451340357318269,
      "q" : "10",
      "p" : "0.077574",
      "s" : "buy",
      "i" : "ZORAUSD-PERP",
      "m" : "4611686018427539647"
    }, {
      "d" : "1756451204880414316",
      "t" : 1756451204880,
      "tn" : 1756451204880414316,
      "q" : "10",
      "p" : "0.077662",
      "s" : "buy",
      "i" : "ZORAUSD-PERP",
      "m" : "4611686018427539646"
    }, {
      "d" : "1756451127950843995",
      "t" : 1756451127950,
      "tn" : 1756451127950843995,
      "q" : "10",
      "p" : "0.077920",
      "s" : "buy",
      "i" : "ZORAUSD-PERP",
      "m" : "4611686018427539645"
    }, {
      "d" : "1756451102962611483",
      "t" : 1756451102962,
      "tn" : 1756451102962611483,
      "q" : "10",
      "p" : "0.077897",
      "s" : "buy",
      "i" : "ZORAUSD-PERP",
      "m" : "4611686018427539644"
    }, {
      "d" : "1756451099484898806",
      "t" : 1756451099484,
      "tn" : 1756451099484898806,
      "q" : "10",
      "p" : "0.077855",
      "s" : "buy",
      "i" : "ZORAUSD-PERP",
      "m" : "4611686018427539643"
    }, {
      "d" : "1756451095360979267",
      "t" : 1756451095360,
      "tn" : 1756451095360979267,
      "q" : "10",
      "p" : "0.077812",
      "s" : "buy",
      "i" : "ZORAUSD-PERP",
      "m" : "4611686018427539642"
    }, {
      "d" : "1756451090389204393",
      "t" : 1756451090389,
      "tn" : 1756451090389204393,
      "q" : "10",
      "p" : "0.077800",
      "s" : "buy",
      "i" : "ZORAUSD-PERP",
      "m" : "4611686018427539641"
    }, {
      "d" : "1756451071446617611",
      "t" : 1756451071446,
      "tn" : 1756451071446617611,
      "q" : "10",
      "p" : "0.077788",
      "s" : "buy",
      "i" : "ZORAUSD-PERP",
      "m" : "4611686018427539640"
    }, {
      "d" : "1756451064553939308",
      "t" : 1756451064553,
      "tn" : 1756451064553939308,
      "q" : "10",
      "p" : "0.077785",
      "s" : "buy",
      "i" : "ZORAUSD-PERP",
      "m" : "4611686018427539639"
    }, {
      "d" : "1756451063808204314",
      "t" : 1756451063808,
      "tn" : 1756451063808204314,
      "q" : "10",
      "p" : "0.077801",
      "s" : "buy",
      "i" : "ZORAUSD-PERP",
      "m" : "4611686018427539638"
    }, {
      "d" : "1756450019116125259",
      "t" : 1756450019116,
      "tn" : 1756450019116125259,
      "q" : "770",
      "p" : "0.077165",
      "s" : "sell",
      "i" : "ZORAUSD-PERP",
      "m" : "4611686018427539637"
    }, {
      "d" : "1756450019115424039",
      "t" : 1756450019115,
      "tn" : 1756450019115424039,
      "q" : "2730",
      "p" : "0.077470",
      "s" : "sell",
      "i" : "ZORAUSD-PERP",
      "m" : "4611686018427539636"
    }, {
      "d" : "1756450019114740480",
      "t" : 1756450019114,
      "tn" : 1756450019114740480,
      "q" : "1620",
      "p" : "0.077751",
      "s" : "sell",
      "i" : "ZORAUSD-PERP",
      "m" : "4611686018427539635"
    }, {
      "d" : "1756450019107945311",
      "t" : 1756450019107,
      "tn" : 1756450019107945311,
      "q" : "5120",
      "p" : "0.077992",
      "s" : "sell",
      "i" : "ZORAUSD-PERP",
      "m" : "4611686018427539634"
    }, {
      "d" : "1756450018614810366",
      "t" : 1756450018614,
      "tn" : 1756450018614810366,
      "q" : "940",
      "p" : "0.077671",
      "s" : "sell",
      "i" : "ZORAUSD-PERP",
      "m" : "4611686018427539633"
    }, {
      "d" : "1756450018614808913",
      "t" : 1756450018614,
      "tn" : 1756450018614808913,
      "q" : "1620",
      "p" : "0.077740",
      "s" : "sell",
      "i" : "ZORAUSD-PERP",
      "m" : "4611686018427539632"
    }, {
      "d" : "1756450018614807553",
      "t" : 1756450018614,
      "tn" : 1756450018614807553,
      "q" : "640",
      "p" : "0.077776",
      "s" : "sell",
      "i" : "ZORAUSD-PERP",
      "m" : "4611686018427539631"
    }, {
      "d" : "1756450018614805516",
      "t" : 1756450018614,
      "tn" : 1756450018614805516,
      "q" : "640",
      "p" : "0.077792",
      "s" : "sell",
      "i" : "ZORAUSD-PERP",
      "m" : "4611686018427539630"
    }, {
      "d" : "1756450018614803773",
      "t" : 1756450018614,
      "tn" : 1756450018614803773,
      "q" : "640",
      "p" : "0.077808",
      "s" : "sell",
      "i" : "ZORAUSD-PERP",
      "m" : "4611686018427539629"
    }, {
      "d" : "1756450018614801400",
      "t" : 1756450018614,
      "tn" : 1756450018614801400,
      "q" : "640",
      "p" : "0.077824",
      "s" : "sell",
      "i" : "ZORAUSD-PERP",
      "m" : "4611686018427539628"
    }, {
      "d" : "1756450018607739497",
      "t" : 1756450018607,
      "tn" : 1756450018607739497,
      "q" : "5120",
      "p" : "0.077976",
      "s" : "sell",
      "i" : "ZORAUSD-PERP",
      "m" : "4611686018427539627"
    }, {
      "d" : "1756449996175914957",
      "t" : 1756449996175,
      "tn" : 1756449996175914957,
      "q" : "950",
      "p" : "0.077560",
      "s" : "sell",
      "i" : "ZORAUSD-PERP",
      "m" : "4611686018427539626"
    }, {
      "d" : "1756449996174795136",
      "t" : 1756449996174,
      "tn" : 1756449996174795136,
      "q" : "1620",
      "p" : "0.077644",
      "s" : "sell",
      "i" : "ZORAUSD-PERP",
      "m" : "4611686018427539625"
    }, {
      "d" : "1756449996174792760",
      "t" : 1756449996174,
      "tn" : 1756449996174792760,
      "q" : "640",
      "p" : "0.077680",
      "s" : "sell",
      "i" : "ZORAUSD-PERP",
      "m" : "4611686018427539624"
    }, {
      "d" : "1756449996174790589",
      "t" : 1756449996174,
      "tn" : 1756449996174790589,
      "q" : "640",
      "p" : "0.077696",
      "s" : "sell",
      "i" : "ZORAUSD-PERP",
      "m" : "4611686018427539623"
    }, {
      "d" : "1756449996174788068",
      "t" : 1756449996174,
      "tn" : 1756449996174788068,
      "q" : "640",
      "p" : "0.077712",
      "s" : "sell",
      "i" : "ZORAUSD-PERP",
      "m" : "4611686018427539622"
    }, {
      "d" : "1756449996174785698",
      "t" : 1756449996174,
      "tn" : 1756449996174785698,
      "q" : "640",
      "p" : "0.077728",
      "s" : "sell",
      "i" : "ZORAUSD-PERP",
      "m" : "4611686018427539621"
    }, {
      "d" : "1756449995617461464",
      "t" : 1756449995617,
      "tn" : 1756449995617461464,
      "q" : "5130",
      "p" : "0.077960",
      "s" : "sell",
      "i" : "ZORAUSD-PERP",
      "m" : "4611686018427539620"
    }, {
      "d" : "1756448066047714847",
      "t" : 1756448066047,
      "tn" : 1756448066047714847,
      "q" : "10",
      "p" : "0.077742",
      "s" : "sell",
      "i" : "ZORAUSD-PERP",
      "m" : "4611686018427539619"
    }, {
      "d" : "1756448066047713206",
      "t" : 1756448066047,
      "tn" : 1756448066047713206,
      "q" : "10",
      "p" : "0.077752",
      "s" : "sell",
      "i" : "ZORAUSD-PERP",
      "m" : "4611686018427539618"
    }, {
      "d" : "1756444662455903759",
      "t" : 1756444662455,
      "tn" : 1756444662455903759,
      "q" : "10",
      "p" : "0.078584",
      "s" : "sell",
      "i" : "ZORAUSD-PERP",
      "m" : "4611686018427539617"
    }, {
      "d" : "1756443956534899139",
      "t" : 1756443956534,
      "tn" : 1756443956534899139,
      "q" : "10",
      "p" : "0.079063",
      "s" : "sell",
      "i" : "ZORAUSD-PERP",
      "m" : "4611686018427539616"
    }, {
      "d" : "1756443956534896756",
      "t" : 1756443956534,
      "tn" : 1756443956534896756,
      "q" : "10",
      "p" : "0.079072",
      "s" : "sell",
      "i" : "ZORAUSD-PERP",
      "m" : "4611686018427539615"
    }, {
      "d" : "1756443244688715278",
      "t" : 1756443244688,
      "tn" : 1756443244688715278,
      "q" : "10",
      "p" : "0.079046",
      "s" : "sell",
      "i" : "ZORAUSD-PERP",
      "m" : "4611686018427539614"
    }, {
      "d" : "1756443244688713065",
      "t" : 1756443244688,
      "tn" : 1756443244688713065,
      "q" : "10",
      "p" : "0.079048",
      "s" : "sell",
      "i" : "ZORAUSD-PERP",
      "m" : "4611686018427539613"
    }, {
      "d" : "1756442992141710720",
      "t" : 1756442992141,
      "tn" : 1756442992141710720,
      "q" : "10",
      "p" : "0.079299",
      "s" : "sell",
      "i" : "ZORAUSD-PERP",
      "m" : "4611686018427539612"
    }, {
      "d" : "1756442734969800827",
      "t" : 1756442734969,
      "tn" : 1756442734969800827,
      "q" : "10",
      "p" : "0.079576",
      "s" : "sell",
      "i" : "ZORAUSD-PERP",
      "m" : "4611686018427539611"
    }, {
      "d" : "1756442734969798293",
      "t" : 1756442734969,
      "tn" : 1756442734969798293,
      "q" : "10",
      "p" : "0.079581",
      "s" : "sell",
      "i" : "ZORAUSD-PERP",
      "m" : "4611686018427539610"
    }, {
      "d" : "1756442656556076943",
      "t" : 1756442656556,
      "tn" : 1756442656556076943,
      "q" : "10",
      "p" : "0.079745",
      "s" : "buy",
      "i" : "ZORAUSD-PERP",
      "m" : "4611686018427539609"
    }, {
      "d" : "1756442177278656956",
      "t" : 1756442177278,
      "tn" : 1756442177278656955,
      "q" : "10",
      "p" : "0.080032",
      "s" : "sell",
      "i" : "ZORAUSD-PERP",
      "m" : "4611686018427539608"
    }, {
      "d" : "1756442177278656955",
      "t" : 1756442177278,
      "tn" : 1756442177278656955,
      "q" : "10",
      "p" : "0.080032",
      "s" : "sell",
      "i" : "ZORAUSD-PERP",
      "m" : "4611686018427539608"
    }, {
      "d" : "1756442111476132228",
      "t" : 1756442111476,
      "tn" : 1756442111476132228,
      "q" : "10",
      "p" : "0.080416",
      "s" : "sell",
      "i" : "ZORAUSD-PERP",
      "m" : "4611686018427539607"
    }, {
      "d" : "1756442111476130629",
      "t" : 1756442111476,
      "tn" : 1756442111476130629,
      "q" : "10",
      "p" : "0.080435",
      "s" : "sell",
      "i" : "ZORAUSD-PERP",
      "m" : "4611686018427539606"
    }, {
      "d" : "1756442104300348635",
      "t" : 1756442104300,
      "tn" : 1756442104300348635,
      "q" : "10",
      "p" : "0.080664",
      "s" : "sell",
      "i" : "ZORAUSD-PERP",
      "m" : "4611686018427539605"
    }, {
      "d" : "1756442104300346233",
      "t" : 1756442104300,
      "tn" : 1756442104300346233,
      "q" : "10",
      "p" : "0.080668",
      "s" : "sell",
      "i" : "ZORAUSD-PERP",
      "m" : "4611686018427539604"
    }, {
      "d" : "1756441619820757518",
      "t" : 1756441619820,
      "tn" : 1756441619820757518,
      "q" : "10",
      "p" : "0.080288",
      "s" : "sell",
      "i" : "ZORAUSD-PERP",
      "m" : "4611686018427539603"
    }, {
      "d" : "1756441619820755107",
      "t" : 1756441619820,
      "tn" : 1756441619820755107,
      "q" : "10",
      "p" : "0.080300",
      "s" : "sell",
      "i" : "ZORAUSD-PERP",
      "m" : "4611686018427539602"
    }, {
      "d" : "1756440481290724713",
      "t" : 1756440481290,
      "tn" : 1756440481290724713,
      "q" : "10",
      "p" : "0.079792",
      "s" : "sell",
      "i" : "ZORAUSD-PERP",
      "m" : "4611686018427539601"
    }, {
      "d" : "1756440402118608256",
      "t" : 1756440402118,
      "tn" : 1756440402118608256,
      "q" : "10",
      "p" : "0.079704",
      "s" : "sell",
      "i" : "ZORAUSD-PERP",
      "m" : "4611686018427539600"
    }, {
      "d" : "1756440397841486030",
      "t" : 1756440397841,
      "tn" : 1756440397841486030,
      "q" : "10",
      "p" : "0.079716",
      "s" : "sell",
      "i" : "ZORAUSD-PERP",
      "m" : "4611686018427539599"
    }, {
      "d" : "1756440249865951913",
      "t" : 1756440249865,
      "tn" : 1756440249865951913,
      "q" : "10",
      "p" : "0.079588",
      "s" : "sell",
      "i" : "ZORAUSD-PERP",
      "m" : "4611686018427539598"
    }, {
      "d" : "1756440168136766318",
      "t" : 1756440168136,
      "tn" : 1756440168136766318,
      "q" : "10",
      "p" : "0.079561",
      "s" : "sell",
      "i" : "ZORAUSD-PERP",
      "m" : "4611686018427539597"
    }, {
      "d" : "1756439934450865138",
      "t" : 1756439934450,
      "tn" : 1756439934450865138,
      "q" : "10",
      "p" : "0.079343",
      "s" : "sell",
      "i" : "ZORAUSD-PERP",
      "m" : "4611686018427539596"
    }, {
      "d" : "1756439770541666997",
      "t" : 1756439770541,
      "tn" : 1756439770541666997,
      "q" : "10",
      "p" : "0.079425",
      "s" : "sell",
      "i" : "ZORAUSD-PERP",
      "m" : "4611686018427539595"
    }, {
      "d" : "1756439631851484277",
      "t" : 1756439631851,
      "tn" : 1756439631851484277,
      "q" : "10",
      "p" : "0.079558",
      "s" : "sell",
      "i" : "ZORAUSD-PERP",
      "m" : "4611686018427539594"
    }, {
      "d" : "1756439523950646250",
      "t" : 1756439523950,
      "tn" : 1756439523950646250,
      "q" : "10",
      "p" : "0.079610",
      "s" : "sell",
      "i" : "ZORAUSD-PERP",
      "m" : "4611686018427539593"
    }, {
      "d" : "1756439412568613465",
      "t" : 1756439412568,
      "tn" : 1756439412568613465,
      "q" : "10",
      "p" : "0.079713",
      "s" : "sell",
      "i" : "ZORAUSD-PERP",
      "m" : "4611686018427539592"
    }, {
      "d" : "1756439400018216578",
      "t" : 1756439400018,
      "tn" : 1756439400018216578,
      "q" : "10",
      "p" : "0.079825",
      "s" : "sell",
      "i" : "ZORAUSD-PERP",
      "m" : "4611686018427539591"
    }, {
      "d" : "1756439398589614627",
      "t" : 1756439398589,
      "tn" : 1756439398589614627,
      "q" : "10",
      "p" : "0.079616",
      "s" : "buy",
      "i" : "ZORAUSD-PERP",
      "m" : "4611686018427539590"
    }, {
      "d" : "1756439398589612689",
      "t" : 1756439398589,
      "tn" : 1756439398589612689,
      "q" : "10",
      "p" : "0.079608",
      "s" : "buy",
      "i" : "ZORAUSD-PERP",
      "m" : "4611686018427539589"
    }, {
      "d" : "1756439383530317368",
      "t" : 1756439383530,
      "tn" : 1756439383530317368,
      "q" : "10",
      "p" : "0.079405",
      "s" : "sell",
      "i" : "ZORAUSD-PERP",
      "m" : "4611686018427539588"
    }, {
      "d" : "1756439365367984690",
      "t" : 1756439365367,
      "tn" : 1756439365367984690,
      "q" : "10",
      "p" : "0.079567",
      "s" : "sell",
      "i" : "ZORAUSD-PERP",
      "m" : "4611686018427539587"
    }, {
      "d" : "1756439364567779158",
      "t" : 1756439364567,
      "tn" : 1756439364567779158,
      "q" : "10",
      "p" : "0.079820",
      "s" : "sell",
      "i" : "ZORAUSD-PERP",
      "m" : "4611686018427539586"
    }, {
      "d" : "1756439364454098802",
      "t" : 1756439364454,
      "tn" : 1756439364454098802,
      "q" : "10",
      "p" : "0.079563",
      "s" : "buy",
      "i" : "ZORAUSD-PERP",
      "m" : "4611686018427539585"
    }, {
      "d" : "1756439364454096926",
      "t" : 1756439364454,
      "tn" : 1756439364454096926,
      "q" : "10",
      "p" : "0.079560",
      "s" : "buy",
      "i" : "ZORAUSD-PERP",
      "m" : "4611686018427539584"
    }, {
      "d" : "1756439364450716829",
      "t" : 1756439364450,
      "tn" : 1756439364450716829,
      "q" : "620",
      "p" : "0.079648",
      "s" : "buy",
      "i" : "ZORAUSD-PERP",
      "m" : "4611686018427539583"
    }, {
      "d" : "1756439364450715103",
      "t" : 1756439364450,
      "tn" : 1756439364450715103,
      "q" : "620",
      "p" : "0.079632",
      "s" : "buy",
      "i" : "ZORAUSD-PERP",
      "m" : "4611686018427539582"
    }, {
      "d" : "1756439364450712708",
      "t" : 1756439364450,
      "tn" : 1756439364450712707,
      "q" : "5020",
      "p" : "0.079616",
      "s" : "buy",
      "i" : "ZORAUSD-PERP",
      "m" : "4611686018427539581"
    }, {
      "d" : "1756439364450712707",
      "t" : 1756439364450,
      "tn" : 1756439364450712707,
      "q" : "620",
      "p" : "0.079616",
      "s" : "buy",
      "i" : "ZORAUSD-PERP",
      "m" : "4611686018427539581"
    }, {
      "d" : "1756439343661553475",
      "t" : 1756439343661,
      "tn" : 1756439343661553475,
      "q" : "10",
      "p" : "0.079419",
      "s" : "sell",
      "i" : "ZORAUSD-PERP",
      "m" : "4611686018427539580"
    }, {
      "d" : "1756439332247512698",
      "t" : 1756439332247,
      "tn" : 1756439332247512698,
      "q" : "630",
      "p" : "0.079296",
      "s" : "buy",
      "i" : "ZORAUSD-PERP",
      "m" : "4611686018427539579"
    }, {
      "d" : "1756439332243114271",
      "t" : 1756439332243,
      "tn" : 1756439332243114271,
      "q" : "5050",
      "p" : "0.079200",
      "s" : "buy",
      "i" : "ZORAUSD-PERP",
      "m" : "4611686018427539578"
    }, {
      "d" : "1756439332236903294",
      "t" : 1756439332236,
      "tn" : 1756439332236903293,
      "q" : "10",
      "p" : "0.079112",
      "s" : "buy",
      "i" : "ZORAUSD-PERP",
      "m" : "4611686018427539577"
    }, {
      "d" : "1756439332236903293",
      "t" : 1756439332236,
      "tn" : 1756439332236903293,
      "q" : "10",
      "p" : "0.079112",
      "s" : "buy",
      "i" : "ZORAUSD-PERP",
      "m" : "4611686018427539577"
    }, {
      "d" : "1756439196570650384",
      "t" : 1756439196570,
      "tn" : 1756439196570650384,
      "q" : "10",
      "p" : "0.079619",
      "s" : "sell",
      "i" : "ZORAUSD-PERP",
      "m" : "4611686018427539576"
    }, {
      "d" : "1756439121357805939",
      "t" : 1756439121357,
      "tn" : 1756439121357805939,
      "q" : "630",
      "p" : "0.079024",
      "s" : "buy",
      "i" : "ZORAUSD-PERP",
      "m" : "4611686018427539575"
    }, {
      "d" : "1756439121353894457",
      "t" : 1756439121353,
      "tn" : 1756439121353894457,
      "q" : "5060",
      "p" : "0.078984",
      "s" : "buy",
      "i" : "ZORAUSD-PERP",
      "m" : "4611686018427539574"
    }, {
      "d" : "1756439121348742577",
      "t" : 1756439121348,
      "tn" : 1756439121348742577,
      "q" : "10",
      "p" : "0.078882",
      "s" : "buy",
      "i" : "ZORAUSD-PERP",
      "m" : "4611686018427539573"
    }, {
      "d" : "1756439121348740384",
      "t" : 1756439121348,
      "tn" : 1756439121348740384,
      "q" : "10",
      "p" : "0.078880",
      "s" : "buy",
      "i" : "ZORAUSD-PERP",
      "m" : "4611686018427539572"
    }, {
      "d" : "1756438939298514826",
      "t" : 1756438939298,
      "tn" : 1756438939298514826,
      "q" : "10",
      "p" : "0.078989",
      "s" : "sell",
      "i" : "ZORAUSD-PERP",
      "m" : "4611686018427539571"
    }, {
      "d" : "1756438862678254051",
      "t" : 1756438862678,
      "tn" : 1756438862678254051,
      "q" : "10",
      "p" : "0.079512",
      "s" : "sell",
      "i" : "ZORAUSD-PERP",
      "m" : "4611686018427539570"
    }, {
      "d" : "1756438803975483591",
      "t" : 1756438803975,
      "tn" : 1756438803975483591,
      "q" : "10",
      "p" : "0.079696",
      "s" : "buy",
      "i" : "ZORAUSD-PERP",
      "m" : "4611686018427539569"
    }, {
      "d" : "1756438803975481682",
      "t" : 1756438803975,
      "tn" : 1756438803975481682,
      "q" : "10",
      "p" : "0.079695",
      "s" : "buy",
      "i" : "ZORAUSD-PERP",
      "m" : "4611686018427539568"
    }, {
      "d" : "1756438778681744446",
      "t" : 1756438778681,
      "tn" : 1756438778681744446,
      "q" : "10",
      "p" : "0.079503",
      "s" : "buy",
      "i" : "ZORAUSD-PERP",
      "m" : "4611686018427539567"
    }, {
      "d" : "1756438752389346477",
      "t" : 1756438752389,
      "tn" : 1756438752389346477,
      "q" : "10",
      "p" : "0.079264",
      "s" : "buy",
      "i" : "ZORAUSD-PERP",
      "m" : "4611686018427539566"
    }, {
      "d" : "1756438752389342021",
      "t" : 1756438752389,
      "tn" : 1756438752389342021,
      "q" : "10",
      "p" : "0.079250",
      "s" : "buy",
      "i" : "ZORAUSD-PERP",
      "m" : "4611686018427539565"
    }, {
      "d" : "1756438752270574296",
      "t" : 1756438752270,
      "tn" : 1756438752270574296,
      "q" : "10",
      "p" : "0.079127",
      "s" : "buy",
      "i" : "ZORAUSD-PERP",
      "m" : "4611686018427539564"
    }, {
      "d" : "1756438745036481554",
      "t" : 1756438745036,
      "tn" : 1756438745036481554,
      "q" : "10",
      "p" : "0.078784",
      "s" : "buy",
      "i" : "ZORAUSD-PERP",
      "m" : "4611686018427539563"
    }, {
      "d" : "1756438735007325381",
      "t" : 1756438735007,
      "tn" : 1756438735007325381,
      "q" : "10",
      "p" : "0.078608",
      "s" : "buy",
      "i" : "ZORAUSD-PERP",
      "m" : "4611686018427539562"
    }, {
      "d" : "1756436968595781660",
      "t" : 1756436968595,
      "tn" : 1756436968595781660,
      "q" : "10",
      "p" : "0.078581",
      "s" : "buy",
      "i" : "ZORAUSD-PERP",
      "m" : "4611686018427539561"
    }, {
      "d" : "1756436320577104949",
      "t" : 1756436320577,
      "tn" : 1756436320577104949,
      "q" : "10",
      "p" : "0.078368",
      "s" : "buy",
      "i" : "ZORAUSD-PERP",
      "m" : "4611686018427539560"
    }, {
      "d" : "1756436248247749171",
      "t" : 1756436248247,
      "tn" : 1756436248247749171,
      "q" : "10",
      "p" : "0.078655",
      "s" : "sell",
      "i" : "ZORAUSD-PERP",
      "m" : "4611686018427539559"
    }, {
      "d" : "1756436244920261215",
      "t" : 1756436244920,
      "tn" : 1756436244920261215,
      "q" : "10",
      "p" : "0.078578",
      "s" : "buy",
      "i" : "ZORAUSD-PERP",
      "m" : "4611686018427539558"
    }, {
      "d" : "1756435336137014743",
      "t" : 1756435336137,
      "tn" : 1756435336137014743,
      "q" : "10",
      "p" : "0.078564",
      "s" : "sell",
      "i" : "ZORAUSD-PERP",
      "m" : "4611686018427539557"
    }, {
      "d" : "1756434920776085855",
      "t" : 1756434920776,
      "tn" : 1756434920776085855,
      "q" : "10",
      "p" : "0.078656",
      "s" : "buy",
      "i" : "ZORAUSD-PERP",
      "m" : "4611686018427539556"
    }, {
      "d" : "1756434920731101933",
      "t" : 1756434920731,
      "tn" : 1756434920731101933,
      "q" : "10",
      "p" : "0.078547",
      "s" : "buy",
      "i" : "ZORAUSD-PERP",
      "m" : "4611686018427539555"
    }, {
      "d" : "1756434920586067598",
      "t" : 1756434920586,
      "tn" : 1756434920586067598,
      "q" : "630",
      "p" : "0.078592",
      "s" : "sell",
      "i" : "ZORAUSD-PERP",
      "m" : "4611686018427539554"
    }, {
      "d" : "1756434920586065718",
      "t" : 1756434920586,
      "tn" : 1756434920586065718,
      "q" : "630",
      "p" : "0.078608",
      "s" : "sell",
      "i" : "ZORAUSD-PERP",
      "m" : "4611686018427539553"
    }, {
      "d" : "1756434920586062992",
      "t" : 1756434920586,
      "tn" : 1756434920586062992,
      "q" : "630",
      "p" : "0.078624",
      "s" : "sell",
      "i" : "ZORAUSD-PERP",
      "m" : "4611686018427539552"
    }, {
      "d" : "1756434920586060711",
      "t" : 1756434920586,
      "tn" : 1756434920586060711,
      "q" : "630",
      "p" : "0.078640",
      "s" : "sell",
      "i" : "ZORAUSD-PERP",
      "m" : "4611686018427539551"
    }, {
      "d" : "1756434920584047260",
      "t" : 1756434920584,
      "tn" : 1756434920584047260,
      "q" : "2510",
      "p" : "0.078744",
      "s" : "sell",
      "i" : "ZORAUSD-PERP",
      "m" : "4611686018427539550"
    }, {
      "d" : "1756434920584039837",
      "t" : 1756434920584,
      "tn" : 1756434920584039837,
      "q" : "2560",
      "p" : "0.078744",
      "s" : "sell",
      "i" : "ZORAUSD-PERP",
      "m" : "4611686018427539549"
    }, {
      "d" : "1756434920584037989",
      "t" : 1756434920584,
      "tn" : 1756434920584037989,
      "q" : "10",
      "p" : "0.078896",
      "s" : "sell",
      "i" : "ZORAUSD-PERP",
      "m" : "4611686018427539548"
    }, {
      "d" : "1756434920584034416",
      "t" : 1756434920584,
      "tn" : 1756434920584034416,
      "q" : "10",
      "p" : "0.078924",
      "s" : "sell",
      "i" : "ZORAUSD-PERP",
      "m" : "4611686018427539547"
    }, {
      "d" : "1756434432693516664",
      "t" : 1756434432693,
      "tn" : 1756434432693516664,
      "q" : "10",
      "p" : "0.078712",
      "s" : "buy",
      "i" : "ZORAUSD-PERP",
      "m" : "4611686018427539546"
    }, {
      "d" : "1756434432693515009",
      "t" : 1756434432693,
      "tn" : 1756434432693515009,
      "q" : "10",
      "p" : "0.078697",
      "s" : "buy",
      "i" : "ZORAUSD-PERP",
      "m" : "4611686018427539545"
    }, {
      "d" : "1756434136627553116",
      "t" : 1756434136627,
      "tn" : 1756434136627553116,
      "q" : "10",
      "p" : "0.079235",
      "s" : "buy",
      "i" : "ZORAUSD-PERP",
      "m" : "4611686018427539544"
    }, {
      "d" : "1756433984781740939",
      "t" : 1756433984781,
      "tn" : 1756433984781740939,
      "q" : "10",
      "p" : "0.079162",
      "s" : "buy",
      "i" : "ZORAUSD-PERP",
      "m" : "4611686018427539543"
    }, {
      "d" : "1756433803370796179",
      "t" : 1756433803370,
      "tn" : 1756433803370796179,
      "q" : "10",
      "p" : "0.079409",
      "s" : "sell",
      "i" : "ZORAUSD-PERP",
      "m" : "4611686018427539542"
    }, {
      "d" : "1756433353547975263",
      "t" : 1756433353547,
      "tn" : 1756433353547975263,
      "q" : "10",
      "p" : "0.079192",
      "s" : "buy",
      "i" : "ZORAUSD-PERP",
      "m" : "4611686018427539541"
    }, {
      "d" : "1756433321497912076",
      "t" : 1756433321497,
      "tn" : 1756433321497912076,
      "q" : "10",
      "p" : "0.079240",
      "s" : "buy",
      "i" : "ZORAUSD-PERP",
      "m" : "4611686018427539540"
    }, {
      "d" : "1756433184380007349",
      "t" : 1756433184380,
      "tn" : 1756433184380007349,
      "q" : "10",
      "p" : "0.079137",
      "s" : "buy",
      "i" : "ZORAUSD-PERP",
      "m" : "4611686018427539539"
    }, {
      "d" : "1756433045188929173",
      "t" : 1756433045188,
      "tn" : 1756433045188929173,
      "q" : "10",
      "p" : "0.078752",
      "s" : "buy",
      "i" : "ZORAUSD-PERP",
      "m" : "4611686018427539538"
    }, {
      "d" : "1756433045130488098",
      "t" : 1756433045130,
      "tn" : 1756433045130488098,
      "q" : "630",
      "p" : "0.078480",
      "s" : "sell",
      "i" : "ZORAUSD-PERP",
      "m" : "4611686018427539537"
    }, {
      "d" : "1756433045128589180",
      "t" : 1756433045128,
      "tn" : 1756433045128589180,
      "q" : "630",
      "p" : "0.078496",
      "s" : "sell",
      "i" : "ZORAUSD-PERP",
      "m" : "4611686018427539536"
    }, {
      "d" : "1756433045128587830",
      "t" : 1756433045128,
      "tn" : 1756433045128587830,
      "q" : "630",
      "p" : "0.078528",
      "s" : "sell",
      "i" : "ZORAUSD-PERP",
      "m" : "4611686018427539535"
    }, {
      "d" : "1756433045107476115",
      "t" : 1756433045107,
      "tn" : 1756433045107476115,
      "q" : "2160",
      "p" : "0.078824",
      "s" : "sell",
      "i" : "ZORAUSD-PERP",
      "m" : "4611686018427539534"
    }, {
      "d" : "1756433045107376294",
      "t" : 1756433045107,
      "tn" : 1756433045107376294,
      "q" : "2910",
      "p" : "0.078824",
      "s" : "sell",
      "i" : "ZORAUSD-PERP",
      "m" : "4611686018427539533"
    }, {
      "d" : "1756433045107374557",
      "t" : 1756433045107,
      "tn" : 1756433045107374557,
      "q" : "10",
      "p" : "0.078976",
      "s" : "sell",
      "i" : "ZORAUSD-PERP",
      "m" : "4611686018427539532"
    } ]
  }
}