{
  "id" : -1,
  "method" : "public/get-trades",
  "code" : 0,
  "result" : {
    "data" : [ {
      "d" : "1756462874789952751",
      "t" : 1756462874789,
      "tn" : 1756462874789952751,
      "q" : "47",
      "p" : "0.02782",
      "s" : "sell",
      "i" : "ZRC_USD",
      "m" : "4611686018427654921"
    }, {
      "d" : "1756462636654818686",
      "t" : 1756462636654,
      "tn" : 1756462636654818686,
      "q" : "47",
      "p" : "0.02784",
      "s" : "sell",
      "i" : "ZRC_USD",
      "m" : "4611686018427654920"
    }, {
      "d" : "1756462432367381474",
      "t" : 1756462432367,
      "tn" : 1756462432367381474,
      "q" : "47",
      "p" : "0.02778",
      "s" : "sell",
      "i" : "ZRC_USD",
      "m" : "4611686018427654919"
    }, {
      "d" : "1756462432289206511",
      "t" : 1756462432289,
      "tn" : 1756462432289206511,
      "q" : "47",
      "p" : "0.02779",
      "s" : "sell",
      "i" : "ZRC_USD",
      "m" : "4611686018427654918"
    }, {
      "d" : "1756462066283369511",
      "t" : 1756462066283,
      "tn" : 1756462066283369511,
      "q" : "47",
      "p" : "0.02780",
      "s" : "sell",
      "i" : "ZRC_USD",
      "m" : "4611686018427654917"
    }, {
      "d" : "1756462043094601890",
      "t" : 1756462043094,
      "tn" : 1756462043094601890,
      "q" : "47",
      "p" : "0.02780",
      "s" : "buy",
      "i" : "ZRC_USD",
      "m" : "4611686018427654916"
    }, {
      "d" : "1756461787493803083",
      "t" : 1756461787493,
      "tn" : 1756461787493803083,
      "q" : "47",
      "p" : "0.02772",
      "s" : "sell",
      "i" : "ZRC_USD",
      "m" : "4611686018427654915"
    }, {
      "d" : "1756461786454749090",
      "t" : 1756461786454,
      "tn" : 1756461786454749090,
      "q" : "47",
      "p" : "0.02771",
      "s" : "sell",
      "i" : "ZRC_USD",
      "m" : "4611686018427654914"
    }, {
      "d" : "1756461786365348110",
      "t" : 1756461786365,
      "tn" : 1756461786365348110,
      "q" : "47",
      "p" : "0.02771",
      "s" : "sell",
      "i" : "ZRC_USD",
      "m" : "4611686018427654913"
    }, {
      "d" : "1756461786292581807",
      "t" : 1756461786292,
      "tn" : 1756461786292581807,
      "q" : "47",
      "p" : "0.02771",
      "s" : "sell",
      "i" : "ZRC_USD",
      "m" : "4611686018427654912"
    }, {
      "d" : "1756461761914553494",
      "t" : 1756461761914,
      "tn" : 1756461761914553494,
      "q" : "47",
      "p" : "0.02768",
      "s" : "sell",
      "i" : "ZRC_USD",
      "m" : "4611686018427654911"
    }, {
      "d" : "1756461722228752782",
      "t" : 1756461722228,
      "tn" : 1756461722228752782,
      "q" : "47",
      "p" : "0.02763",
      "s" : "sell",
      "i" : "ZRC_USD",
      "m" : "4611686018427654910"
    }, {
      "d" : "1756461720427388844",
      "t" : 1756461720427,
      "tn" : 1756461720427388844,
      "q" : "47",
      "p" : "0.02763",
      "s" : "sell",
      "i" : "ZRC_USD",
      "m" : "4611686018427654909"
    }, {
      "d" : "1756461715424435821",
      "t" : 1756461715424,
      "tn" : 1756461715424435821,
      "q" : "47",
      "p" : "0.02763",
      "s" : "sell",
      "i" : "ZRC_USD",
      "m" : "4611686018427654908"
    }, {
      "d" : "1756461713923658866",
      "t" : 1756461713923,
      "tn" : 1756461713923658866,
      "q" : "47",
      "p" : "0.02763",
      "s" : "sell",
      "i" : "ZRC_USD",
      "m" : "4611686018427654907"
    }, {
      "d" : "1756461704918427060",
      "t" : 1756461704918,
      "tn" : 1756461704918427060,
      "q" : "47",
      "p" : "0.02763",
      "s" : "sell",
      "i" : "ZRC_USD",
      "m" : "4611686018427654906"
    }, {
      "d" : "1756461700415974410",
      "t" : 1756461700415,
      "tn" : 1756461700415974410,
      "q" : "47",
      "p" : "0.02763",
      "s" : "sell",
      "i" : "ZRC_USD",
      "m" : "4611686018427654905"
    }, {
      "d" : "1756461690410093462",
      "t" : 1756461690410,
      "tn" : 1756461690410093462,
      "q" : "47",
      "p" : "0.02763",
      "s" : "sell",
      "i" : "ZRC_USD",
      "m" : "4611686018427654904"
    }, {
      "d" : "1756461675601422297",
      "t" : 1756461675601,
      "tn" : 1756461675601422297,
      "q" : "47",
      "p" : "0.02763",
      "s" : "sell",
      "i" : "ZRC_USD",
      "m" : "4611686018427654903"
    }, {
      "d" : "1756461668989206081",
      "t" : 1756461668989,
      "tn" : 1756461668989206081,
      "q" : "47",
      "p" : "0.02763",
      "s" : "sell",
      "i" : "ZRC_USD",
      "m" : "4611686018427654902"
    }, {
      "d" : "1756461656417243919",
      "t" : 1756461656417,
      "tn" : 1756461656417243919,
      "q" : "47",
      "p" : "0.02763",
      "s" : "sell",
      "i" : "ZRC_USD",
      "m" : "4611686018427654901"
    }, {
      "d" : "1756461635444814058",
      "t" : 1756461635444,
      "tn" : 1756461635444814058,
      "q" : "47",
      "p" : "0.02762",
      "s" : "sell",
      "i" : "ZRC_USD",
      "m" : "4611686018427654900"
    }, {
      "d" : "1756461612972361861",
      "t" : 1756461612972,
      "tn" : 1756461612972361861,
      "q" : "47",
      "p" : "0.02762",
      "s" : "sell",
      "i" : "ZRC_USD",
      "m" : "4611686018427654899"
    }, {
      "d" : "1756461612955985509",
      "t" : 1756461612955,
      "tn" : 1756461612955985509,
      "q" : "47",
      "p" : "0.02762",
      "s" : "sell",
      "i" : "ZRC_USD",
      "m" : "4611686018427654898"
    }, {
      "d" : "1756461612902421593",
      "t" : 1756461612902,
      "tn" : 1756461612902421593,
      "q" : "47",
      "p" : "0.02762",
      "s" : "sell",
      "i" : "ZRC_USD",
      "m" : "4611686018427654897"
    }, {
      "d" : "1756461612874911966",
      "t" : 1756461612874,
      "tn" : 1756461612874911966,
      "q" : "47",
      "p" : "0.02763",
      "s" : "sell",
      "i" : "ZRC_USD",
      "m" : "4611686018427654896"
    }, {
      "d" : "1756461601947790525",
      "t" : 1756461601947,
      "tn" : 1756461601947790525,
      "q" : "47",
      "p" : "0.02765",
      "s" : "sell",
      "i" : "ZRC_USD",
      "m" : "4611686018427654895"
    }, {
      "d" : "1756461540758608871",
      "t" : 1756461540758,
      "tn" : 1756461540758608871,
      "q" : "47",
      "p" : "0.02764",
      "s" : "sell",
      "i" : "ZRC_USD",
      "m" : "4611686018427654894"
    }, {
      "d" : "1756461538995791807",
      "t" : 1756461538995,
      "tn" : 1756461538995791807,
      "q" : "47",
      "p" : "0.02764",
      "s" : "sell",
      "i" : "ZRC_USD",
      "m" : "4611686018427654893"
    }, {
      "d" : "1756461520684193730",
      "t" : 1756461520684,
      "tn" : 1756461520684193730,
      "q" : "47",
      "p" : "0.02769",
      "s" : "sell",
      "i" : "ZRC_USD",
      "m" : "4611686018427654892"
    }, {
      "d" : "1756461502498336789",
      "t" : 1756461502498,
      "tn" : 1756461502498336789,
      "q" : "47",
      "p" : "0.02769",
      "s" : "sell",
      "i" : "ZRC_USD",
      "m" : "4611686018427654891"
    }, {
      "d" : "1756461498613210150",
      "t" : 1756461498613,
      "tn" : 1756461498613210150,
      "q" : "47",
      "p" : "0.02769",
      "s" : "sell",
      "i" : "ZRC_USD",
      "m" : "4611686018427654890"
    }, {
      "d" : "1756461492222886811",
      "t" : 1756461492222,
      "tn" : 1756461492222886811,
      "q" : "47",
      "p" : "0.02767",
      "s" : "sell",
      "i" : "ZRC_USD",
      "m" : "4611686018427654889"
    }, {
      "d" : "1756461492169098411",
      "t" : 1756461492169,
      "tn" : 1756461492169098411,
      "q" : "47",
      "p" : "0.02768",
      "s" : "sell",
      "i" : "ZRC_USD",
      "m" : "4611686018427654888"
    }, {
      "d" : "1756461487340088320",
      "t" : 1756461487340,
      "tn" : 1756461487340088320,
      "q" : "47",
      "p" : "0.02771",
      "s" : "sell",
      "i" : "ZRC_USD",
      "m" : "4611686018427654887"
    }, {
      "d" : "1756460477888223377",
      "t" : 1756460477888,
      "tn" : 1756460477888223377,
      "q" : "47",
      "p" : "0.02763",
      "s" : "sell",
      "i" : "ZRC_USD",
      "m" : "4611686018427654886"
    }, {
      "d" : "1756460317674392210",
      "t" : 1756460317674,
      "tn" : 1756460317674392210,
      "q" : "47",
      "p" : "0.02755",
      "s" : "buy",
      "i" : "ZRC_USD",
      "m" : "4611686018427654885"
    }, {
      "d" : "1756460317613092792",
      "t" : 1756460317613,
      "tn" : 1756460317613092792,
      "q" : "47",
      "p" : "0.02755",
      "s" : "buy",
      "i" : "ZRC_USD",
      "m" : "4611686018427654884"
    }, {
      "d" : "1756460317589972534",
      "t" : 1756460317589,
      "tn" : 1756460317589972534,
      "q" : "47",
      "p" : "0.02755",
      "s" : "buy",
      "i" : "ZRC_USD",
      "m" : "4611686018427654883"
    }, {
      "d" : "1756460112573267197",
      "t" : 1756460112573,
      "tn" : 1756460112573267197,
      "q" : "47",
      "p" : "0.02753",
      "s" : "sell",
      "i" : "ZRC_USD",
      "m" : "4611686018427654882"
    }, {
      "d" : "1756460102094621571",
      "t" : 1756460102094,
      "tn" : 1756460102094621571,
      "q" : "47",
      "p" : "0.02755",
      "s" : "sell",
      "i" : "ZRC_USD",
      "m" : "4611686018427654881"
    }, {
      "d" : "1756460101931835578",
      "t" : 1756460101931,
      "tn" : 1756460101931835578,
      "q" : "47",
      "p" : "0.02755",
      "s" : "sell",
      "i" : "ZRC_USD",
      "m" : "4611686018427654880"
    }, {
      "d" : "1756460096818414925",
      "t" : 1756460096818,
      "tn" : 1756460096818414925,
      "q" : "47",
      "p" : "0.02756",
      "s" : "sell",
      "i" : "ZRC_USD",
      "m" : "4611686018427654879"
    }, {
      "d" : "1756460096370985265",
      "t" : 1756460096370,
      "tn" : 1756460096370985265,
      "q" : "47",
      "p" : "0.02756",
      "s" : "sell",
      "i" : "ZRC_USD",
      "m" : "4611686018427654878"
    }, {
      "d" : "1756460094444544047",
      "t" : 1756460094444,
      "tn" : 1756460094444544047,
      "q" : "47",
      "p" : "0.02756",
      "s" : "sell",
      "i" : "ZRC_USD",
      "m" : "4611686018427654877"
    }, {
      "d" : "1756460093836076573",
      "t" : 1756460093836,
      "tn" : 1756460093836076573,
      "q" : "47",
      "p" : "0.02756",
      "s" : "sell",
      "i" : "ZRC_USD",
      "m" : "4611686018427654876"
    }, {
      "d" : "1756460093323416388",
      "t" : 1756460093323,
      "tn" : 1756460093323416388,
      "q" : "47",
      "p" : "0.02756",
      "s" : "sell",
      "i" : "ZRC_USD",
      "m" : "4611686018427654875"
    }, {
      "d" : "1756460090880574540",
      "t" : 1756460090880,
      "tn" : 1756460090880574540,
      "q" : "47",
      "p" : "0.02756",
      "s" : "sell",
      "i" : "ZRC_USD",
      "m" : "4611686018427654874"
    }, {
      "d" : "1756460090278996656",
      "t" : 1756460090278,
      "tn" : 1756460090278996656,
      "q" : "47",
      "p" : "0.02756",
      "s" : "sell",
      "i" : "ZRC_USD",
      "m" : "4611686018427654873"
    }, {
      "d" : "1756460059250653202",
      "t" : 1756460059250,
      "tn" : 1756460059250653202,
      "q" : "47",
      "p" : "0.02757",
      "s" : "sell",
      "i" : "ZRC_USD",
      "m" : "4611686018427654872"
    }, {
      "d" : "1756460058847099917",
      "t" : 1756460058847,
      "tn" : 1756460058847099917,
      "q" : "47",
      "p" : "0.02756",
      "s" : "sell",
      "i" : "ZRC_USD",
      "m" : "4611686018427654871"
    }, {
      "d" : "1756460058647010109",
      "t" : 1756460058647,
      "tn" : 1756460058647010109,
      "q" : "47",
      "p" : "0.02757",
      "s" : "sell",
      "i" : "ZRC_USD",
      "m" : "4611686018427654870"
    }, {
      "d" : "1756460057743560025",
      "t" : 1756460057743,
      "tn" : 1756460057743560025,
      "q" : "47",
      "p" : "0.02757",
      "s" : "sell",
      "i" : "ZRC_USD",
      "m" : "4611686018427654869"
    }, {
      "d" : "1756460056648099745",
      "t" : 1756460056648,
      "tn" : 1756460056648099745,
      "q" : "47",
      "p" : "0.02757",
      "s" : "sell",
      "i" : "ZRC_USD",
      "m" : "4611686018427654868"
    }, {
      "d" : "1756460055390209080",
      "t" : 1756460055390,
      "tn" : 1756460055390209080,
      "q" : "47",
      "p" : "0.02757",
      "s" : "sell",
      "i" : "ZRC_USD",
      "m" : "4611686018427654867"
    }, {
      "d" : "1756459558902042671",
      "t" : 1756459558902,
      "tn" : 1756459558902042671,
      "q" : "47",
      "p" : "0.02792",
      "s" : "sell",
      "i" : "ZRC_USD",
      "m" : "4611686018427654866"
    }, {
      "d" : "1756459500929600342",
      "t" : 1756459500929,
      "tn" : 1756459500929600342,
      "q" : "47",
      "p" : "0.02786",
      "s" : "sell",
      "i" : "ZRC_USD",
      "m" : "4611686018427654865"
    }, {
      "d" : "1756459499362870542",
      "t" : 1756459499362,
      "tn" : 1756459499362870542,
      "q" : "47",
      "p" : "0.02786",
      "s" : "sell",
      "i" : "ZRC_USD",
      "m" : "4611686018427654864"
    }, {
      "d" : "1756459499313449400",
      "t" : 1756459499313,
      "tn" : 1756459499313449400,
      "q" : "47",
      "p" : "0.02787",
      "s" : "sell",
      "i" : "ZRC_USD",
      "m" : "4611686018427654863"
    }, {
      "d" : "1756459295849955567",
      "t" : 1756459295849,
      "tn" : 1756459295849955567,
      "q" : "47",
      "p" : "0.02792",
      "s" : "sell",
      "i" : "ZRC_USD",
      "m" : "4611686018427654862"
    }, {
      "d" : "1756459295252524020",
      "t" : 1756459295252,
      "tn" : 1756459295252524020,
      "q" : "47",
      "p" : "0.02792",
      "s" : "sell",
      "i" : "ZRC_USD",
      "m" : "4611686018427654861"
    }, {
      "d" : "1756458728801477142",
      "t" : 1756458728801,
      "tn" : 1756458728801477142,
      "q" : "47",
      "p" : "0.02763",
      "s" : "sell",
      "i" : "ZRC_USD",
      "m" : "4611686018427654860"
    }, {
      "d" : "1756458725418251368",
      "t" : 1756458725418,
      "tn" : 1756458725418251368,
      "q" : "47",
      "p" : "0.02764",
      "s" : "sell",
      "i" : "ZRC_USD",
      "m" : "4611686018427654859"
    }, {
      "d" : "1756458706844870360",
      "t" : 1756458706844,
      "tn" : 1756458706844870360,
      "q" : "47",
      "p" : "0.02764",
      "s" : "sell",
      "i" : "ZRC_USD",
      "m" : "4611686018427654858"
    }, {
      "d" : "1756458704729143782",
      "t" : 1756458704729,
      "tn" : 1756458704729143782,
      "q" : "47",
      "p" : "0.02762",
      "s" : "sell",
      "i" : "ZRC_USD",
      "m" : "4611686018427654857"
    }, {
      "d" : "1756458702302831207",
      "t" : 1756458702302,
      "tn" : 1756458702302831207,
      "q" : "47",
      "p" : "0.02762",
      "s" : "sell",
      "i" : "ZRC_USD",
      "m" : "4611686018427654856"
    }, {
      "d" : "1756458702227205351",
      "t" : 1756458702227,
      "tn" : 1756458702227205351,
      "q" : "47",
      "p" : "0.02762",
      "s" : "sell",
      "i" : "ZRC_USD",
      "m" : "4611686018427654855"
    }, {
      "d" : "1756458675532314793",
      "t" : 1756458675532,
      "tn" : 1756458675532314793,
      "q" : "47",
      "p" : "0.02761",
      "s" : "sell",
      "i" : "ZRC_USD",
      "m" : "4611686018427654854"
    }, {
      "d" : "1756458672161092787",
      "t" : 1756458672161,
      "tn" : 1756458672161092787,
      "q" : "47",
      "p" : "0.02762",
      "s" : "sell",
      "i" : "ZRC_USD",
      "m" : "4611686018427654853"
    }, {
      "d" : "1756458616353380213",
      "t" : 1756458616353,
      "tn" : 1756458616353380213,
      "q" : "47",
      "p" : "0.02757",
      "s" : "sell",
      "i" : "ZRC_USD",
      "m" : "4611686018427654852"
    }, {
      "d" : "1756458616228875459",
      "t" : 1756458616228,
      "tn" : 1756458616228875459,
      "q" : "47",
      "p" : "0.02757",
      "s" : "sell",
      "i" : "ZRC_USD",
      "m" : "4611686018427654851"
    }, {
      "d" : "1756458443443799482",
      "t" : 1756458443443,
      "tn" : 1756458443443799482,
      "q" : "47",
      "p" : "0.02757",
      "s" : "sell",
      "i" : "ZRC_USD",
      "m" : "4611686018427654850"
    }, {
      "d" : "1756458363375928412",
      "t" : 1756458363375,
      "tn" : 1756458363375928412,
      "q" : "47",
      "p" : "0.02762",
      "s" : "sell",
      "i" : "ZRC_USD",
      "m" : "4611686018427654849"
    }, {
      "d" : "1756458128678222032",
      "t" : 1756458128678,
      "tn" : 1756458128678222032,
      "q" : "47",
      "p" : "0.02780",
      "s" : "sell",
      "i" : "ZRC_USD",
      "m" : "4611686018427654848"
    }, {
      "d" : "1756458095073015483",
      "t" : 1756458095073,
      "tn" : 1756458095073015483,
      "q" : "47",
      "p" : "0.02784",
      "s" : "sell",
      "i" : "ZRC_USD",
      "m" : "4611686018427654847"
    }, {
      "d" : "1756457978166798946",
      "t" : 1756457978166,
      "tn" : 1756457978166798946,
      "q" : "47",
      "p" : "0.02785",
      "s" : "sell",
      "i" : "ZRC_USD",
      "m" : "4611686018427654846"
    }, {
      "d" : "1756457973163931470",
      "t" : 1756457973163,
      "tn" : 1756457973163931470,
      "q" : "47",
      "p" : "0.02785",
      "s" : "sell",
      "i" : "ZRC_USD",
      "m" : "4611686018427654845"
    }, {
      "d" : "1756457968161060347",
      "t" : 1756457968161,
      "tn" : 1756457968161060347,
      "q" : "47",
      "p" : "0.02785",
      "s" : "sell",
      "i" : "ZRC_USD",
      "m" : "4611686018427654844"
    }, {
      "d" : "1756457963158165043",
      "t" : 1756457963158,
      "tn" : 1756457963158165043,
      "q" : "47",
      "p" : "0.02785",
      "s" : "sell",
      "i" : "ZRC_USD",
      "m" : "4611686018427654843"
    }, {
      "d" : "1756457959956131276",
      "t" : 1756457959956,
      "tn" : 1756457959956131276,
      "q" : "47",
      "p" : "0.02785",
      "s" : "sell",
      "i" : "ZRC_USD",
      "m" : "4611686018427654842"
    }, {
      "d" : "1756457958355187810",
      "t" : 1756457958355,
      "tn" : 1756457958355187810,
      "q" : "47",
      "p" : "0.02785",
      "s" : "sell",
      "i" : "ZRC_USD",
      "m" : "4611686018427654841"
    }, {
      "d" : "1756457953352301799",
      "t" : 1756457953352,
      "tn" : 1756457953352301799,
      "q" : "47",
      "p" : "0.02785",
      "s" : "sell",
      "i" : "ZRC_USD",
      "m" : "4611686018427654840"
    }, {
      "d" : "1756457948349188986",
      "t" : 1756457948349,
      "tn" : 1756457948349188986,
      "q" : "47",
      "p" : "0.02785",
      "s" : "sell",
      "i" : "ZRC_USD",
      "m" : "4611686018427654839"
    }, {
      "d" : "1756457943346728250",
      "t" : 1756457943346,
      "tn" : 1756457943346728250,
      "q" : "47",
      "p" : "0.02785",
      "s" : "sell",
      "i" : "ZRC_USD",
      "m" : "4611686018427654838"
    }, {
      "d" : "1756457939344116967",
      "t" : 1756457939344,
      "tn" : 1756457939344116967,
      "q" : "47",
      "p" : "0.02785",
      "s" : "sell",
      "i" : "ZRC_USD",
      "m" : "4611686018427654837"
    }, {
      "d" : "1756457934341545526",
      "t" : 1756457934341,
      "tn" : 1756457934341545526,
      "q" : "47",
      "p" : "0.02785",
      "s" : "sell",
      "i" : "ZRC_USD",
      "m" : "4611686018427654836"
    }, {
      "d" : "1756457933240511109",
      "t" : 1756457933240,
      "tn" : 1756457933240511109,
      "q" : "47",
      "p" : "0.02785",
      "s" : "sell",
      "i" : "ZRC_USD",
      "m" : "4611686018427654835"
    }, {
      "d" : "1756457928237668922",
      "t" : 1756457928237,
      "tn" : 1756457928237668922,
      "q" : "47",
      "p" : "0.02785",
      "s" : "sell",
      "i" : "ZRC_USD",
      "m" : "4611686018427654834"
    }, {
      "d" : "1756457927036843811",
      "t" : 1756457927036,
      "tn" : 1756457927036843811,
      "q" : "47",
      "p" : "0.02785",
      "s" : "sell",
      "i" : "ZRC_USD",
      "m" : "4611686018427654833"
    }, {
      "d" : "1756457924335333536",
      "t" : 1756457924335,
      "tn" : 1756457924335333536,
      "q" : "47",
      "p" : "0.02785",
      "s" : "sell",
      "i" : "ZRC_USD",
      "m" : "4611686018427654832"
    }, {
      "d" : "1756457922734257527",
      "t" : 1756457922734,
      "tn" : 1756457922734257527,
      "q" : "47",
      "p" : "0.02785",
      "s" : "sell",
      "i" : "ZRC_USD",
      "m" : "4611686018427654831"
    }, {
      "d" : "1756457920632859228",
      "t" : 1756457920632,
      "tn" : 1756457920632859228,
      "q" : "47",
      "p" : "0.02785",
      "s" : "sell",
      "i" : "ZRC_USD",
      "m" : "4611686018427654830"
    }, {
      "d" : "1756457915629881133",
      "t" : 1756457915629,
      "tn" : 1756457915629881133,
      "q" : "47",
      "p" : "0.02785",
      "s" : "sell",
      "i" : "ZRC_USD",
      "m" : "4611686018427654829"
    }, {
      "d" : "1756457911127421682",
      "t" : 1756457911127,
      "tn" : 1756457911127421682,
      "q" : "47",
      "p" : "0.02785",
      "s" : "sell",
      "i" : "ZRC_USD",
      "m" : "4611686018427654828"
    }, {
      "d" : "1756457910226735257",
      "t" : 1756457910226,
      "tn" : 1756457910226735257,
      "q" : "47",
      "p" : "0.02785",
      "s" : "sell",
      "i" : "ZRC_USD",
      "m" : "4611686018427654827"
    }, {
      "d" : "1756457905223890878",
      "t" : 1756457905223,
      "tn" : 1756457905223890878,
      "q" : "47",
      "p" : "0.02785",
      "s" : "sell",
      "i" : "ZRC_USD",
      "m" : "4611686018427654826"
    }, {
      "d" : "1756457903990356574",
      "t" : 1756457903990,
      "tn" : 1756457903990356574,
      "q" : "47",
      "p" : "0.02785",
      "s" : "sell",
      "i" : "ZRC_USD",
      "m" : "4611686018427654825"
    }, {
      "d" : "1756457900921421692",
      "t" : 1756457900921,
      "tn" : 1756457900921421692,
      "q" : "47",
      "p" : "0.02785",
      "s" : "sell",
      "i" : "ZRC_USD",
      "m" : "4611686018427654824"
    }, {
      "d" : "1756457898419799370",
      "t" : 1756457898419,
      "tn" : 1756457898419799370,
      "q" : "47",
      "p" : "0.02785",
      "s" : "sell",
      "i" : "ZRC_USD",
      "m" : "4611686018427654823"
    }, {
      "d" : "1756457896162656602",
      "t" : 1756457896162,
      "tn" : 1756457896162656602,
      "q" : "47",
      "p" : "0.02784",
      "s" : "sell",
      "i" : "ZRC_USD",
      "m" : "4611686018427654822"
    }, {
      "d" : "1756457894917684233",
      "t" : 1756457894917,
      "tn" : 1756457894917684233,
      "q" : "47",
      "p" : "0.02784",
      "s" : "sell",
      "i" : "ZRC_USD",
      "m" : "4611686018427654821"
    }, {
      "d" : "1756457889914817586",
      "t" : 1756457889914,
      "tn" : 1756457889914817586,
      "q" : "47",
      "p" : "0.02784",
      "s" : "sell",
      "i" : "ZRC_USD",
      "m" : "4611686018427654820"
    }, {
      "d" : "1756457888168201188",
      "t" : 1756457888168,
      "tn" : 1756457888168201188,
      "q" : "47",
      "p" : "0.02784",
      "s" : "sell",
      "i" : "ZRC_USD",
      "m" : "4611686018427654819"
    }, {
      "d" : "1756457885989347572",
      "t" : 1756457885989,
      "tn" : 1756457885989347572,
      "q" : "47",
      "p" : "0.02785",
      "s" : "sell",
      "i" : "ZRC_USD",
      "m" : "4611686018427654818"
    }, {
      "d" : "1756457884379034811",
      "t" : 1756457884379,
      "tn" : 1756457884379034811,
      "q" : "47",
      "p" : "0.02784",
      "s" : "sell",
      "i" : "ZRC_USD",
      "m" : "4611686018427654817"
    }, {
      "d" : "1756457872104509787",
      "t" : 1756457872104,
      "tn" : 1756457872104509787,
      "q" : "47",
      "p" : "0.02779",
      "s" : "sell",
      "i" : "ZRC_USD",
      "m" : "4611686018427654816"
    }, {
      "d" : "1756457868037619306",
      "t" : 1756457868037,
      "tn" : 1756457868037619306,
      "q" : "47",
      "p" : "0.02779",
      "s" : "sell",
      "i" : "ZRC_USD",
      "m" : "4611686018427654815"
    }, {
      "d" : "1756457867101672513",
      "t" : 1756457867101,
      "tn" : 1756457867101672513,
      "q" : "47",
      "p" : "0.02779",
      "s" : "sell",
      "i" : "ZRC_USD",
      "m" : "4611686018427654814"
    }, {
      "d" : "1756457866078700531",
      "t" : 1756457866078,
      "tn" : 1756457866078700531,
      "q" : "47",
      "p" : "0.02779",
      "s" : "sell",
      "i" : "ZRC_USD",
      "m" : "4611686018427654813"
    }, {
      "d" : "1756457863389936742",
      "t" : 1756457863389,
      "tn" : 1756457863389936742,
      "q" : "47",
      "p" : "0.02779",
      "s" : "sell",
      "i" : "ZRC_USD",
      "m" : "4611686018427654812"
    }, {
      "d" : "1756457851192563895",
      "t" : 1756457851192,
      "tn" : 1756457851192563895,
      "q" : "47",
      "p" : "0.02781",
      "s" : "sell",
      "i" : "ZRC_USD",
      "m" : "4611686018427654811"
    }, {
      "d" : "1756457849247753940",
      "t" : 1756457849247,
      "tn" : 1756457849247753940,
      "q" : "47",
      "p" : "0.02781",
      "s" : "sell",
      "i" : "ZRC_USD",
      "m" : "4611686018427654810"
    }, {
      "d" : "1756457847390473943",
      "t" : 1756457847390,
      "tn" : 1756457847390473943,
      "q" : "47",
      "p" : "0.02781",
      "s" : "sell",
      "i" : "ZRC_USD",
      "m" : "4611686018427654809"
    }, {
      "d" : "1756457751832698836",
      "t" : 1756457751832,
      "tn" : 1756457751832698836,
      "q" : "47",
      "p" : "0.02784",
      "s" : "sell",
      "i" : "ZRC_USD",
      "m" : "4611686018427654808"
    }, {
      "d" : "1756457739167049753",
      "t" : 1756457739167,
      "tn" : 1756457739167049753,
      "q" : "47",
      "p" : "0.02785",
      "s" : "sell",
      "i" : "ZRC_USD",
      "m" : "4611686018427654807"
    }, {
      "d" : "1756457739060401807",
      "t" : 1756457739060,
      "tn" : 1756457739060401807,
      "q" : "47",
      "p" : "0.02786",
      "s" : "sell",
      "i" : "ZRC_USD",
      "m" : "4611686018427654806"
    }, {
      "d" : "1756457738925015306",
      "t" : 1756457738925,
      "tn" : 1756457738925015306,
      "q" : "47",
      "p" : "0.02786",
      "s" : "sell",
      "i" : "ZRC_USD",
      "m" : "4611686018427654805"
    }, {
      "d" : "1756457679958238281",
      "t" : 1756457679958,
      "tn" : 1756457679958238281,
      "q" : "47",
      "p" : "0.02790",
      "s" : "buy",
      "i" : "ZRC_USD",
      "m" : "4611686018427654804"
    }, {
      "d" : "1756457550882789611",
      "t" : 1756457550882,
      "tn" : 1756457550882789611,
      "q" : "47",
      "p" : "0.02792",
      "s" : "buy",
      "i" : "ZRC_USD",
      "m" : "4611686018427654803"
    }, {
      "d" : "1756457547807287783",
      "t" : 1756457547807,
      "tn" : 1756457547807287783,
      "q" : "47",
      "p" : "0.02792",
      "s" : "buy",
      "i" : "ZRC_USD",
      "m" : "4611686018427654802"
    }, {
      "d" : "1756457434884678109",
      "t" : 1756457434884,
      "tn" : 1756457434884678109,
      "q" : "47",
      "p" : "0.02804",
      "s" : "sell",
      "i" : "ZRC_USD",
      "m" : "4611686018427654801"
    }, {
      "d" : "1756457377656492280",
      "t" : 1756457377656,
      "tn" : 1756457377656492280,
      "q" : "47",
      "p" : "0.02812",
      "s" : "sell",
      "i" : "ZRC_USD",
      "m" : "4611686018427654800"
    }, {
      "d" : "1756457376488829033",
      "t" : 1756457376488,
      "tn" : 1756457376488829033,
      "q" : "47",
      "p" : "0.02812",
      "s" : "sell",
      "i" : "ZRC_USD",
      "m" : "4611686018427654799"
    }, {
      "d" : "1756457281872567573",
      "t" : 1756457281872,
      "tn" : 1756457281872567573,
      "q" : "47",
      "p" : "0.02819",
      "s" : "sell",
      "i" : "ZRC_USD",
      "m" : "4611686018427654798"
    }, {
      "d" : "1756457222666894676",
      "t" : 1756457222666,
      "tn" : 1756457222666894676,
      "q" : "47",
      "p" : "0.02811",
      "s" : "sell",
      "i" : "ZRC_USD",
      "m" : "4611686018427654797"
    }, {
      "d" : "1756457179582885744",
      "t" : 1756457179582,
      "tn" : 1756457179582885744,
      "q" : "47",
      "p" : "0.02800",
      "s" : "sell",
      "i" : "ZRC_USD",
      "m" : "4611686018427654796"
    }, {
      "d" : "1756457158562422341",
      "t" : 1756457158562,
      "tn" : 1756457158562422341,
      "q" : "47",
      "p" : "0.02802",
      "s" : "sell",
      "i" : "ZRC_USD",
      "m" : "4611686018427654795"
    }, {
      "d" : "1756457157390147262",
      "t" : 1756457157390,
      "tn" : 1756457157390147262,
      "q" : "47",
      "p" : "0.02802",
      "s" : "sell",
      "i" : "ZRC_USD",
      "m" : "4611686018427654794"
    }, {
      "d" : "1756457151968296395",
      "t" : 1756457151968,
      "tn" : 1756457151968296395,
      "q" : "47",
      "p" : "0.02797",
      "s" : "sell",
      "i" : "ZRC_USD",
      "m" : "4611686018427654793"
    }, {
      "d" : "1756457146710565315",
      "t" : 1756457146710,
      "tn" : 1756457146710565315,
      "q" : "47",
      "p" : "0.02796",
      "s" : "sell",
      "i" : "ZRC_USD",
      "m" : "4611686018427654792"
    }, {
      "d" : "1756457145063956318",
      "t" : 1756457145063,
      "tn" : 1756457145063956318,
      "q" : "47",
      "p" : "0.02796",
      "s" : "sell",
      "i" : "ZRC_USD",
      "m" : "4611686018427654791"
    }, {
      "d" : "1756457140061155203",
      "t" : 1756457140061,
      "tn" : 1756457140061155203,
      "q" : "47",
      "p" : "0.02796",
      "s" : "sell",
      "i" : "ZRC_USD",
      "m" : "4611686018427654790"
    }, {
      "d" : "1756457134288216459",
      "t" : 1756457134288,
      "tn" : 1756457134288216459,
      "q" : "47",
      "p" : "0.02796",
      "s" : "sell",
      "i" : "ZRC_USD",
      "m" : "4611686018427654789"
    }, {
      "d" : "1756457083727641986",
      "t" : 1756457083727,
      "tn" : 1756457083727641986,
      "q" : "47",
      "p" : "0.02793",
      "s" : "sell",
      "i" : "ZRC_USD",
      "m" : "4611686018427654788"
    }, {
      "d" : "1756457082291562964",
      "t" : 1756457082291,
      "tn" : 1756457082291562964,
      "q" : "47",
      "p" : "0.02793",
      "s" : "sell",
      "i" : "ZRC_USD",
      "m" : "4611686018427654787"
    }, {
      "d" : "1756457081263352812",
      "t" : 1756457081263,
      "tn" : 1756457081263352812,
      "q" : "47",
      "p" : "0.02793",
      "s" : "sell",
      "i" : "ZRC_USD",
      "m" : "4611686018427654786"
    }, {
      "d" : "1756457074894208921",
      "t" : 1756457074894,
      "tn" : 1756457074894208921,
      "q" : "47",
      "p" : "0.02796",
      "s" : "sell",
      "i" : "ZRC_USD",
      "m" : "4611686018427654785"
    }, {
      "d" : "1756457070300577462",
      "t" : 1756457070300,
      "tn" : 1756457070300577462,
      "q" : "47",
      "p" : "0.02797",
      "s" : "sell",
      "i" : "ZRC_USD",
      "m" : "4611686018427654784"
    }, {
      "d" : "1756457064116217942",
      "t" : 1756457064116,
      "tn" : 1756457064116217942,
      "q" : "47",
      "p" : "0.02795",
      "s" : "sell",
      "i" : "ZRC_USD",
      "m" : "4611686018427654783"
    }, {
      "d" : "1756457029495223515",
      "t" : 1756457029495,
      "tn" : 1756457029495223515,
      "q" : "47",
      "p" : "0.02796",
      "s" : "sell",
      "i" : "ZRC_USD",
      "m" : "4611686018427654782"
    }, {
      "d" : "1756457024492160175",
      "t" : 1756457024492,
      "tn" : 1756457024492160175,
      "q" : "47",
      "p" : "0.02796",
      "s" : "sell",
      "i" : "ZRC_USD",
      "m" : "4611686018427654781"
    }, {
      "d" : "1756457009165083171",
      "t" : 1756457009165,
      "tn" : 1756457009165083171,
      "q" : "47",
      "p" : "0.02796",
      "s" : "sell",
      "i" : "ZRC_USD",
      "m" : "4611686018427654780"
    }, {
      "d" : "1756457008182557250",
      "t" : 1756457008182,
      "tn" : 1756457008182557250,
      "q" : "47",
      "p" : "0.02796",
      "s" : "sell",
      "i" : "ZRC_USD",
      "m" : "4611686018427654779"
    }, {
      "d" : "1756456988170942855",
      "t" : 1756456988170,
      "tn" : 1756456988170942855,
      "q" : "47",
      "p" : "0.02796",
      "s" : "sell",
      "i" : "ZRC_USD",
      "m" : "4611686018427654778"
    }, {
      "d" : "1756456980491046196",
      "t" : 1756456980491,
      "tn" : 1756456980491046196,
      "q" : "47",
      "p" : "0.02796",
      "s" : "sell",
      "i" : "ZRC_USD",
      "m" : "4611686018427654777"
    }, {
      "d" : "1756456811533439021",
      "t" : 1756456811533,
      "tn" : 1756456811533439021,
      "q" : "47",
      "p" : "0.02795",
      "s" : "sell",
      "i" : "ZRC_USD",
      "m" : "4611686018427654776"
    }, {
      "d" : "1756456810152934376",
      "t" : 1756456810152,
      "tn" : 1756456810152934376,
      "q" : "47",
      "p" : "0.02795",
      "s" : "sell",
      "i" : "ZRC_USD",
      "m" : "4611686018427654775"
    }, {
      "d" : "1756456808839363231",
      "t" : 1756456808839,
      "tn" : 1756456808839363231,
      "q" : "47",
      "p" : "0.02795",
      "s" : "sell",
      "i" : "ZRC_USD",
      "m" : "4611686018427654774"
    }, {
      "d" : "1756456807136625758",
      "t" : 1756456807136,
      "tn" : 1756456807136625758,
      "q" : "47",
      "p" : "0.02795",
      "s" : "sell",
      "i" : "ZRC_USD",
      "m" : "4611686018427654773"
    }, {
      "d" : "1756456799088273558",
      "t" : 1756456799088,
      "tn" : 1756456799088273558,
      "q" : "47",
      "p" : "0.02797",
      "s" : "sell",
      "i" : "ZRC_USD",
      "m" : "4611686018427654772"
    } ]
  }
}