{
  "id" : -1,
  "method" : "public/get-trades",
  "code" : 0,
  "result" : {
    "data" : [ {
      "d" : "1756460597193100732",
      "t" : 1756460597193,
      "tn" : 1756460597193100732,
      "q" : "12.6",
      "p" : "1.9832",
      "s" : "sell",
      "i" : "ZRO_USDT",
      "m" : "4611686018427830952"
    }, {
      "d" : "1756456773255216750",
      "t" : 1756456773255,
      "tn" : 1756456773255216750,
      "q" : "6.6",
      "p" : "2.0289",
      "s" : "sell",
      "i" : "ZRO_USDT",
      "m" : "4611686018427830951"
    }, {
      "d" : "1756450930577473557",
      "t" : 1756450930577,
      "tn" : 1756450930577473557,
      "q" : "1.1",
      "p" : "2.1253",
      "s" : "sell",
      "i" : "ZRO_USDT",
      "m" : "4611686018427830950"
    }, {
      "d" : "1756450930576791530",
      "t" : 1756450930576,
      "tn" : 1756450930576791530,
      "q" : "100.7",
      "p" : "2.1253",
      "s" : "sell",
      "i" : "ZRO_USDT",
      "m" : "4611686018427830949"
    }, {
      "d" : "1756450839319150823",
      "t" : 1756450839319,
      "tn" : 1756450839319150823,
      "q" : "7.5",
      "p" : "2.1457",
      "s" : "sell",
      "i" : "ZRO_USDT",
      "m" : "4611686018427830948"
    }, {
      "d" : "1756450839318739418",
      "t" : 1756450839318,
      "tn" : 1756450839318739418,
      "q" : "7.8",
      "p" : "2.1473",
      "s" : "sell",
      "i" : "ZRO_USDT",
      "m" : "4611686018427830947"
    }, {
      "d" : "1756450817949054487",
      "t" : 1756450817949,
      "tn" : 1756450817949054487,
      "q" : "2.8",
      "p" : "2.1811",
      "s" : "sell",
      "i" : "ZRO_USDT",
      "m" : "4611686018427830946"
    }, {
      "d" : "1756450817697785594",
      "t" : 1756450817697,
      "tn" : 1756450817697785594,
      "q" : "36.7",
      "p" : "2.1811",
      "s" : "sell",
      "i" : "ZRO_USDT",
      "m" : "4611686018427830945"
    }, {
      "d" : "1756450817619450765",
      "t" : 1756450817619,
      "tn" : 1756450817619450765,
      "q" : "12.0",
      "p" : "2.1811",
      "s" : "sell",
      "i" : "ZRO_USDT",
      "m" : "4611686018427830944"
    }, {
      "d" : "1756450748465771210",
      "t" : 1756450748465,
      "tn" : 1756450748465771210,
      "q" : "6.2",
      "p" : "2.1779",
      "s" : "sell",
      "i" : "ZRO_USDT",
      "m" : "4611686018427830943"
    }, {
      "d" : "1756450699345720509",
      "t" : 1756450699345,
      "tn" : 1756450699345720509,
      "q" : "15.1",
      "p" : "2.2014",
      "s" : "sell",
      "i" : "ZRO_USDT",
      "m" : "4611686018427830942"
    }, {
      "d" : "1756450516002969555",
      "t" : 1756450516002,
      "tn" : 1756450516002969555,
      "q" : "2.8",
      "p" : "2.2268",
      "s" : "sell",
      "i" : "ZRO_USDT",
      "m" : "4611686018427830941"
    }, {
      "d" : "1756450516002967659",
      "t" : 1756450516002,
      "tn" : 1756450516002967659,
      "q" : "22.6",
      "p" : "2.2275",
      "s" : "sell",
      "i" : "ZRO_USDT",
      "m" : "4611686018427830940"
    }, {
      "d" : "1756450516001901790",
      "t" : 1756450516001,
      "tn" : 1756450516001901790,
      "q" : "3.1",
      "p" : "2.2275",
      "s" : "sell",
      "i" : "ZRO_USDT",
      "m" : "4611686018427830939"
    }, {
      "d" : "1756450432341810436",
      "t" : 1756450432341,
      "tn" : 1756450432341810436,
      "q" : "13.2",
      "p" : "2.1837",
      "s" : "sell",
      "i" : "ZRO_USDT",
      "m" : "4611686018427830938"
    }, {
      "d" : "1756450328226136900",
      "t" : 1756450328226,
      "tn" : 1756450328226136900,
      "q" : "4.9",
      "p" : "2.2095",
      "s" : "sell",
      "i" : "ZRO_USDT",
      "m" : "4611686018427830937"
    }, {
      "d" : "1756450328226134516",
      "t" : 1756450328226,
      "tn" : 1756450328226134516,
      "q" : "218.8",
      "p" : "2.2113",
      "s" : "sell",
      "i" : "ZRO_USDT",
      "m" : "4611686018427830936"
    }, {
      "d" : "1756450328225944135",
      "t" : 1756450328225,
      "tn" : 1756450328225944135,
      "q" : "53.7",
      "p" : "2.2113",
      "s" : "sell",
      "i" : "ZRO_USDT",
      "m" : "4611686018427830935"
    }, {
      "d" : "1756450326762853064",
      "t" : 1756450326762,
      "tn" : 1756450326762853064,
      "q" : "8.7",
      "p" : "2.2113",
      "s" : "sell",
      "i" : "ZRO_USDT",
      "m" : "4611686018427830934"
    }, {
      "d" : "1756450326310848300",
      "t" : 1756450326310,
      "tn" : 1756450326310848300,
      "q" : "9.8",
      "p" : "2.2113",
      "s" : "sell",
      "i" : "ZRO_USDT",
      "m" : "4611686018427830933"
    }, {
      "d" : "1756450326310846540",
      "t" : 1756450326310,
      "tn" : 1756450326310846540,
      "q" : "35.2",
      "p" : "2.2114",
      "s" : "sell",
      "i" : "ZRO_USDT",
      "m" : "4611686018427830932"
    }, {
      "d" : "1756450229471014094",
      "t" : 1756450229471,
      "tn" : 1756450229471014094,
      "q" : "5.4",
      "p" : "2.2575",
      "s" : "buy",
      "i" : "ZRO_USDT",
      "m" : "4611686018427830931"
    }, {
      "d" : "1756450220908078707",
      "t" : 1756450220908,
      "tn" : 1756450220908078707,
      "q" : "2.0",
      "p" : "2.2575",
      "s" : "buy",
      "i" : "ZRO_USDT",
      "m" : "4611686018427830930"
    }, {
      "d" : "1756450217885199813",
      "t" : 1756450217885,
      "tn" : 1756450217885199813,
      "q" : "4.3",
      "p" : "2.2463",
      "s" : "buy",
      "i" : "ZRO_USDT",
      "m" : "4611686018427830929"
    }, {
      "d" : "1756450211928541635",
      "t" : 1756450211928,
      "tn" : 1756450211928541635,
      "q" : "11.1",
      "p" : "2.2463",
      "s" : "sell",
      "i" : "ZRO_USDT",
      "m" : "4611686018427830928"
    }, {
      "d" : "1756450211709387243",
      "t" : 1756450211709,
      "tn" : 1756450211709387243,
      "q" : "11.8",
      "p" : "2.2463",
      "s" : "sell",
      "i" : "ZRO_USDT",
      "m" : "4611686018427830927"
    }, {
      "d" : "1756450211709385766",
      "t" : 1756450211709,
      "tn" : 1756450211709385766,
      "q" : "6.0",
      "p" : "2.2464",
      "s" : "sell",
      "i" : "ZRO_USDT",
      "m" : "4611686018427830926"
    }, {
      "d" : "1756450211649323739",
      "t" : 1756450211649,
      "tn" : 1756450211649323739,
      "q" : "36.5",
      "p" : "2.2462",
      "s" : "sell",
      "i" : "ZRO_USDT",
      "m" : "4611686018427830925"
    }, {
      "d" : "1756450153252841196",
      "t" : 1756450153252,
      "tn" : 1756450153252841196,
      "q" : "19.0",
      "p" : "2.2089",
      "s" : "sell",
      "i" : "ZRO_USDT",
      "m" : "4611686018427830924"
    }, {
      "d" : "1756450055323821547",
      "t" : 1756450055323,
      "tn" : 1756450055323821547,
      "q" : "1.9",
      "p" : "2.2294",
      "s" : "buy",
      "i" : "ZRO_USDT",
      "m" : "4611686018427830923"
    }, {
      "d" : "1756450055291004079",
      "t" : 1756450055291,
      "tn" : 1756450055291004079,
      "q" : "2.0",
      "p" : "2.2294",
      "s" : "buy",
      "i" : "ZRO_USDT",
      "m" : "4611686018427830922"
    }, {
      "d" : "1756450007283771625",
      "t" : 1756450007283,
      "tn" : 1756450007283771625,
      "q" : "2.8",
      "p" : "2.1633",
      "s" : "buy",
      "i" : "ZRO_USDT",
      "m" : "4611686018427830921"
    }, {
      "d" : "1756450007283134266",
      "t" : 1756450007283,
      "tn" : 1756450007283134266,
      "q" : "9.7",
      "p" : "2.1633",
      "s" : "buy",
      "i" : "ZRO_USDT",
      "m" : "4611686018427830920"
    }, {
      "d" : "1756450007279336844",
      "t" : 1756450007279,
      "tn" : 1756450007279336844,
      "q" : "63.5",
      "p" : "2.1633",
      "s" : "buy",
      "i" : "ZRO_USDT",
      "m" : "4611686018427830919"
    }, {
      "d" : "1756450007278077821",
      "t" : 1756450007278,
      "tn" : 1756450007278077821,
      "q" : "30.8",
      "p" : "2.1633",
      "s" : "buy",
      "i" : "ZRO_USDT",
      "m" : "4611686018427830918"
    }, {
      "d" : "1756449650763707745",
      "t" : 1756449650763,
      "tn" : 1756449650763707745,
      "q" : "5.3",
      "p" : "2.1067",
      "s" : "sell",
      "i" : "ZRO_USDT",
      "m" : "4611686018427830917"
    }, {
      "d" : "1756449598933229751",
      "t" : 1756449598933,
      "tn" : 1756449598933229751,
      "q" : "5.8",
      "p" : "2.1368",
      "s" : "buy",
      "i" : "ZRO_USDT",
      "m" : "4611686018427830916"
    }, {
      "d" : "1756449579014175355",
      "t" : 1756449579014,
      "tn" : 1756449579014175355,
      "q" : "17.3",
      "p" : "2.1179",
      "s" : "buy",
      "i" : "ZRO_USDT",
      "m" : "4611686018427830915"
    }, {
      "d" : "1756449578125309771",
      "t" : 1756449578125,
      "tn" : 1756449578125309771,
      "q" : "4.8",
      "p" : "2.1179",
      "s" : "buy",
      "i" : "ZRO_USDT",
      "m" : "4611686018427830914"
    }, {
      "d" : "1756448379246284195",
      "t" : 1756448379246,
      "tn" : 1756448379246284195,
      "q" : "124.1",
      "p" : "2.0652",
      "s" : "sell",
      "i" : "ZRO_USDT",
      "m" : "4611686018427830913"
    }, {
      "d" : "1756448379246281912",
      "t" : 1756448379246,
      "tn" : 1756448379246281912,
      "q" : "9.2",
      "p" : "2.0659",
      "s" : "sell",
      "i" : "ZRO_USDT",
      "m" : "4611686018427830912"
    }, {
      "d" : "1756440152143946048",
      "t" : 1756440152143,
      "tn" : 1756440152143946048,
      "q" : "130.3",
      "p" : "2.0081",
      "s" : "buy",
      "i" : "ZRO_USDT",
      "m" : "4611686018427830911"
    }, {
      "d" : "1756387308860007510",
      "t" : 1756387308860,
      "tn" : 1756387308860007510,
      "q" : "2.7",
      "p" : "1.9890",
      "s" : "buy",
      "i" : "ZRO_USDT",
      "m" : "4611686018427830910"
    } ]
  }
}