{
  "id" : -1,
  "method" : "public/get-trades",
  "code" : 0,
  "result" : {
    "data" : [ {
      "d" : "1756463042257261930",
      "t" : 1756463042257,
      "tn" : 1756463042257261930,
      "q" : "15.3",
      "p" : "1.9951",
      "s" : "sell",
      "i" : "ZRO_USD",
      "m" : "4611686018428199811"
    }, {
      "d" : "1756462555174834098",
      "t" : 1756462555174,
      "tn" : 1756462555174834098,
      "q" : "9.7",
      "p" : "2.0004",
      "s" : "buy",
      "i" : "ZRO_USD",
      "m" : "4611686018428199810"
    }, {
      "d" : "1756462550495723325",
      "t" : 1756462550495,
      "tn" : 1756462550495723325,
      "q" : "10.2",
      "p" : "1.9995",
      "s" : "buy",
      "i" : "ZRO_USD",
      "m" : "4611686018428199809"
    }, {
      "d" : "1756462544598246347",
      "t" : 1756462544598,
      "tn" : 1756462544598246347,
      "q" : "9.8",
      "p" : "2.0016",
      "s" : "buy",
      "i" : "ZRO_USD",
      "m" : "4611686018428199808"
    }, {
      "d" : "1756462508921810568",
      "t" : 1756462508921,
      "tn" : 1756462508921810568,
      "q" : "15.3",
      "p" : "2.0017",
      "s" : "sell",
      "i" : "ZRO_USD",
      "m" : "4611686018428199807"
    }, {
      "d" : "1756462453662594817",
      "t" : 1756462453662,
      "tn" : 1756462453662594817,
      "q" : "8.2",
      "p" : "2.0026",
      "s" : "sell",
      "i" : "ZRO_USD",
      "m" : "4611686018428199806"
    }, {
      "d" : "1756462393479152102",
      "t" : 1756462393479,
      "tn" : 1756462393479152102,
      "q" : "5.5",
      "p" : "2.0112",
      "s" : "sell",
      "i" : "ZRO_USD",
      "m" : "4611686018428199805"
    }, {
      "d" : "1756462392533008271",
      "t" : 1756462392533,
      "tn" : 1756462392533008271,
      "q" : "9.9",
      "p" : "2.0121",
      "s" : "sell",
      "i" : "ZRO_USD",
      "m" : "4611686018428199804"
    }, {
      "d" : "1756462199026442875",
      "t" : 1756462199026,
      "tn" : 1756462199026442875,
      "q" : "15.4",
      "p" : "2.0108",
      "s" : "sell",
      "i" : "ZRO_USD",
      "m" : "4611686018428199803"
    }, {
      "d" : "1756461993346019418",
      "t" : 1756461993346,
      "tn" : 1756461993346019418,
      "q" : "15.3",
      "p" : "2.0062",
      "s" : "sell",
      "i" : "ZRO_USD",
      "m" : "4611686018428199802"
    }, {
      "d" : "1756461812307007826",
      "t" : 1756461812307,
      "tn" : 1756461812307007826,
      "q" : "47.2",
      "p" : "2.0063",
      "s" : "buy",
      "i" : "ZRO_USD",
      "m" : "4611686018428199801"
    }, {
      "d" : "1756461809551521152",
      "t" : 1756461809551,
      "tn" : 1756461809551521151,
      "q" : "7.7",
      "p" : "2.0076",
      "s" : "sell",
      "i" : "ZRO_USD",
      "m" : "4611686018428199800"
    }, {
      "d" : "1756461809551521151",
      "t" : 1756461809551,
      "tn" : 1756461809551521151,
      "q" : "7.6",
      "p" : "2.0076",
      "s" : "sell",
      "i" : "ZRO_USD",
      "m" : "4611686018428199800"
    }, {
      "d" : "1756461764099076546",
      "t" : 1756461764099,
      "tn" : 1756461764099076546,
      "q" : "15.3",
      "p" : "2.0076",
      "s" : "sell",
      "i" : "ZRO_USD",
      "m" : "4611686018428199799"
    }, {
      "d" : "1756461311006057931",
      "t" : 1756461311006,
      "tn" : 1756461311006057931,
      "q" : "15.3",
      "p" : "1.9972",
      "s" : "sell",
      "i" : "ZRO_USD",
      "m" : "4611686018428199798"
    }, {
      "d" : "1756461151952443196",
      "t" : 1756461151952,
      "tn" : 1756461151952443195,
      "q" : "7.2",
      "p" : "1.9912",
      "s" : "sell",
      "i" : "ZRO_USD",
      "m" : "4611686018428199797"
    }, {
      "d" : "1756461151952443195",
      "t" : 1756461151952,
      "tn" : 1756461151952443195,
      "q" : "8.2",
      "p" : "1.9912",
      "s" : "sell",
      "i" : "ZRO_USD",
      "m" : "4611686018428199797"
    }, {
      "d" : "1756461013594955638",
      "t" : 1756461013594,
      "tn" : 1756461013594955638,
      "q" : "10.2",
      "p" : "1.9941",
      "s" : "buy",
      "i" : "ZRO_USD",
      "m" : "4611686018428199796"
    }, {
      "d" : "1756461013212426167",
      "t" : 1756461013212,
      "tn" : 1756461013212426167,
      "q" : "9.8",
      "p" : "1.9941",
      "s" : "sell",
      "i" : "ZRO_USD",
      "m" : "4611686018428199795"
    }, {
      "d" : "1756461011980980995",
      "t" : 1756461011980,
      "tn" : 1756461011980980995,
      "q" : "15.3",
      "p" : "1.9971",
      "s" : "sell",
      "i" : "ZRO_USD",
      "m" : "4611686018428199794"
    }, {
      "d" : "1756460807702798378",
      "t" : 1756460807702,
      "tn" : 1756460807702798378,
      "q" : "15.3",
      "p" : "1.9879",
      "s" : "sell",
      "i" : "ZRO_USD",
      "m" : "4611686018428199793"
    }, {
      "d" : "1756460597193979622",
      "t" : 1756460597193,
      "tn" : 1756460597193979622,
      "q" : "12.6",
      "p" : "1.9833",
      "s" : "sell",
      "i" : "ZRO_USD",
      "m" : "4611686018428199792"
    }, {
      "d" : "1756460597188335104",
      "t" : 1756460597188,
      "tn" : 1756460597188335104,
      "q" : "13.4",
      "p" : "1.9861",
      "s" : "sell",
      "i" : "ZRO_USD",
      "m" : "4611686018428199791"
    }, {
      "d" : "1756460203735159220",
      "t" : 1756460203735,
      "tn" : 1756460203735159220,
      "q" : "15.3",
      "p" : "1.9925",
      "s" : "sell",
      "i" : "ZRO_USD",
      "m" : "4611686018428199790"
    }, {
      "d" : "1756459876752966596",
      "t" : 1756459876752,
      "tn" : 1756459876752966596,
      "q" : "15.3",
      "p" : "1.9818",
      "s" : "sell",
      "i" : "ZRO_USD",
      "m" : "4611686018428199789"
    }, {
      "d" : "1756459761881978200",
      "t" : 1756459761881,
      "tn" : 1756459761881978200,
      "q" : "15.4",
      "p" : "1.9822",
      "s" : "sell",
      "i" : "ZRO_USD",
      "m" : "4611686018428199788"
    }, {
      "d" : "1756459208192607593",
      "t" : 1756459208192,
      "tn" : 1756459208192607593,
      "q" : "0.2",
      "p" : "1.9923",
      "s" : "sell",
      "i" : "ZRO_USD",
      "m" : "4611686018428199787"
    }, {
      "d" : "1756459208192605516",
      "t" : 1756459208192,
      "tn" : 1756459208192605516,
      "q" : "9.9",
      "p" : "1.9929",
      "s" : "sell",
      "i" : "ZRO_USD",
      "m" : "4611686018428199786"
    }, {
      "d" : "1756459121241512487",
      "t" : 1756459121241,
      "tn" : 1756459121241512487,
      "q" : "8.3",
      "p" : "1.9879",
      "s" : "sell",
      "i" : "ZRO_USD",
      "m" : "4611686018428199785"
    }, {
      "d" : "1756458573159977457",
      "t" : 1756458573159,
      "tn" : 1756458573159977457,
      "q" : "10.2",
      "p" : "1.9879",
      "s" : "buy",
      "i" : "ZRO_USD",
      "m" : "4611686018428199784"
    }, {
      "d" : "1756458283446810964",
      "t" : 1756458283446,
      "tn" : 1756458283446810964,
      "q" : "254.2",
      "p" : "1.9888",
      "s" : "sell",
      "i" : "ZRO_USD",
      "m" : "4611686018428199783"
    }, {
      "d" : "1756457762262504206",
      "t" : 1756457762262,
      "tn" : 1756457762262504206,
      "q" : "247.0",
      "p" : "2.0029",
      "s" : "sell",
      "i" : "ZRO_USD",
      "m" : "4611686018428199782"
    }, {
      "d" : "1756457585309694941",
      "t" : 1756457585309,
      "tn" : 1756457585309694941,
      "q" : "49.8",
      "p" : "2.0029",
      "s" : "sell",
      "i" : "ZRO_USD",
      "m" : "4611686018428199781"
    }, {
      "d" : "1756457554402251172",
      "t" : 1756457554402,
      "tn" : 1756457554402251172,
      "q" : "6.7",
      "p" : "2.0153",
      "s" : "sell",
      "i" : "ZRO_USD",
      "m" : "4611686018428199780"
    }, {
      "d" : "1756457554395465589",
      "t" : 1756457554395,
      "tn" : 1756457554395465589,
      "q" : "9.9",
      "p" : "2.0153",
      "s" : "buy",
      "i" : "ZRO_USD",
      "m" : "4611686018428199779"
    }, {
      "d" : "1756457540671396328",
      "t" : 1756457540671,
      "tn" : 1756457540671396328,
      "q" : "26.2",
      "p" : "2.0050",
      "s" : "sell",
      "i" : "ZRO_USD",
      "m" : "4611686018428199778"
    }, {
      "d" : "1756457540671392821",
      "t" : 1756457540671,
      "tn" : 1756457540671392821,
      "q" : "21.6",
      "p" : "2.0053",
      "s" : "sell",
      "i" : "ZRO_USD",
      "m" : "4611686018428199777"
    }, {
      "d" : "1756457530222328054",
      "t" : 1756457530222,
      "tn" : 1756457530222328054,
      "q" : "39.9",
      "p" : "2.0096",
      "s" : "sell",
      "i" : "ZRO_USD",
      "m" : "4611686018428199776"
    }, {
      "d" : "1756457530222325561",
      "t" : 1756457530222,
      "tn" : 1756457530222325561,
      "q" : "9.8",
      "p" : "2.0135",
      "s" : "sell",
      "i" : "ZRO_USD",
      "m" : "4611686018428199775"
    }, {
      "d" : "1756457505574112117",
      "t" : 1756457505574,
      "tn" : 1756457505574112117,
      "q" : "49.7",
      "p" : "2.0104",
      "s" : "sell",
      "i" : "ZRO_USD",
      "m" : "4611686018428199774"
    }, {
      "d" : "1756457481161249523",
      "t" : 1756457481161,
      "tn" : 1756457481161249523,
      "q" : "49.6",
      "p" : "2.0170",
      "s" : "sell",
      "i" : "ZRO_USD",
      "m" : "4611686018428199773"
    }, {
      "d" : "1756457478985410279",
      "t" : 1756457478985,
      "tn" : 1756457478985410279,
      "q" : "49.6",
      "p" : "2.0170",
      "s" : "sell",
      "i" : "ZRO_USD",
      "m" : "4611686018428199772"
    }, {
      "d" : "1756457460456474018",
      "t" : 1756457460456,
      "tn" : 1756457460456474018,
      "q" : "254.3",
      "p" : "2.0152",
      "s" : "sell",
      "i" : "ZRO_USD",
      "m" : "4611686018428199771"
    }, {
      "d" : "1756457450933682155",
      "t" : 1756457450933,
      "tn" : 1756457450933682155,
      "q" : "49.7",
      "p" : "2.0145",
      "s" : "sell",
      "i" : "ZRO_USD",
      "m" : "4611686018428199770"
    }, {
      "d" : "1756457429987834099",
      "t" : 1756457429987,
      "tn" : 1756457429987834099,
      "q" : "49.6",
      "p" : "2.0179",
      "s" : "sell",
      "i" : "ZRO_USD",
      "m" : "4611686018428199769"
    }, {
      "d" : "1756457428430112589",
      "t" : 1756457428430,
      "tn" : 1756457428430112589,
      "q" : "244.4",
      "p" : "2.0180",
      "s" : "sell",
      "i" : "ZRO_USD",
      "m" : "4611686018428199768"
    }, {
      "d" : "1756457423434757384",
      "t" : 1756457423434,
      "tn" : 1756457423434757384,
      "q" : "49.5",
      "p" : "2.0167",
      "s" : "sell",
      "i" : "ZRO_USD",
      "m" : "4611686018428199767"
    }, {
      "d" : "1756457416386616278",
      "t" : 1756457416386,
      "tn" : 1756457416386616278,
      "q" : "253.9",
      "p" : "2.0171",
      "s" : "sell",
      "i" : "ZRO_USD",
      "m" : "4611686018428199766"
    }, {
      "d" : "1756457411308128448",
      "t" : 1756457411308,
      "tn" : 1756457411308128448,
      "q" : "250.1",
      "p" : "2.0182",
      "s" : "sell",
      "i" : "ZRO_USD",
      "m" : "4611686018428199765"
    }, {
      "d" : "1756457406362272696",
      "t" : 1756457406362,
      "tn" : 1756457406362272696,
      "q" : "252.4",
      "p" : "2.0170",
      "s" : "sell",
      "i" : "ZRO_USD",
      "m" : "4611686018428199764"
    }, {
      "d" : "1756457405891698478",
      "t" : 1756457405891,
      "tn" : 1756457405891698478,
      "q" : "242.2",
      "p" : "2.0167",
      "s" : "sell",
      "i" : "ZRO_USD",
      "m" : "4611686018428199763"
    }, {
      "d" : "1756457404074945065",
      "t" : 1756457404074,
      "tn" : 1756457404074945065,
      "q" : "10.0",
      "p" : "2.0174",
      "s" : "sell",
      "i" : "ZRO_USD",
      "m" : "4611686018428199762"
    }, {
      "d" : "1756457401781646898",
      "t" : 1756457401781,
      "tn" : 1756457401781646898,
      "q" : "9.8",
      "p" : "2.0174",
      "s" : "sell",
      "i" : "ZRO_USD",
      "m" : "4611686018428199761"
    }, {
      "d" : "1756457400530593858",
      "t" : 1756457400530,
      "tn" : 1756457400530593858,
      "q" : "10.0",
      "p" : "2.0174",
      "s" : "sell",
      "i" : "ZRO_USD",
      "m" : "4611686018428199760"
    }, {
      "d" : "1756457398114655558",
      "t" : 1756457398114,
      "tn" : 1756457398114655558,
      "q" : "10.0",
      "p" : "2.0166",
      "s" : "sell",
      "i" : "ZRO_USD",
      "m" : "4611686018428199759"
    }, {
      "d" : "1756457397614007027",
      "t" : 1756457397614,
      "tn" : 1756457397614007027,
      "q" : "9.7",
      "p" : "2.0166",
      "s" : "sell",
      "i" : "ZRO_USD",
      "m" : "4611686018428199758"
    }, {
      "d" : "1756457394033803651",
      "t" : 1756457394033,
      "tn" : 1756457394033803651,
      "q" : "9.7",
      "p" : "2.0165",
      "s" : "sell",
      "i" : "ZRO_USD",
      "m" : "4611686018428199757"
    }, {
      "d" : "1756457391321527013",
      "t" : 1756457391321,
      "tn" : 1756457391321527013,
      "q" : "9.9",
      "p" : "2.0175",
      "s" : "sell",
      "i" : "ZRO_USD",
      "m" : "4611686018428199756"
    }, {
      "d" : "1756457391321524790",
      "t" : 1756457391321,
      "tn" : 1756457391321524790,
      "q" : "251.8",
      "p" : "2.0183",
      "s" : "sell",
      "i" : "ZRO_USD",
      "m" : "4611686018428199755"
    }, {
      "d" : "1756457389225677086",
      "t" : 1756457389225,
      "tn" : 1756457389225677086,
      "q" : "9.8",
      "p" : "2.0177",
      "s" : "sell",
      "i" : "ZRO_USD",
      "m" : "4611686018428199754"
    }, {
      "d" : "1756457388694696738",
      "t" : 1756457388694,
      "tn" : 1756457388694696738,
      "q" : "243.0",
      "p" : "2.0173",
      "s" : "sell",
      "i" : "ZRO_USD",
      "m" : "4611686018428199753"
    }, {
      "d" : "1756457387711270615",
      "t" : 1756457387711,
      "tn" : 1756457387711270615,
      "q" : "10.0",
      "p" : "2.0178",
      "s" : "sell",
      "i" : "ZRO_USD",
      "m" : "4611686018428199752"
    }, {
      "d" : "1756457387398848350",
      "t" : 1756457387398,
      "tn" : 1756457387398848350,
      "q" : "9.8",
      "p" : "2.0173",
      "s" : "sell",
      "i" : "ZRO_USD",
      "m" : "4611686018428199751"
    }, {
      "d" : "1756455954780084588",
      "t" : 1756455954780,
      "tn" : 1756455954780084588,
      "q" : "9.6",
      "p" : "2.0439",
      "s" : "buy",
      "i" : "ZRO_USD",
      "m" : "4611686018428199750"
    }, {
      "d" : "1756455954780080883",
      "t" : 1756455954780,
      "tn" : 1756455954780080883,
      "q" : "239.0",
      "p" : "2.0435",
      "s" : "buy",
      "i" : "ZRO_USD",
      "m" : "4611686018428199749"
    }, {
      "d" : "1756454898981923941",
      "t" : 1756454898981,
      "tn" : 1756454898981923941,
      "q" : "18.0",
      "p" : "2.0750",
      "s" : "sell",
      "i" : "ZRO_USD",
      "m" : "4611686018428199748"
    }, {
      "d" : "1756454898977183064",
      "t" : 1756454898977,
      "tn" : 1756454898977183064,
      "q" : "13.0",
      "p" : "2.0750",
      "s" : "buy",
      "i" : "ZRO_USD",
      "m" : "4611686018428199747"
    }, {
      "d" : "1756454350347694169",
      "t" : 1756454350347,
      "tn" : 1756454350347694169,
      "q" : "141.3",
      "p" : "2.0503",
      "s" : "buy",
      "i" : "ZRO_USD",
      "m" : "4611686018428199746"
    }, {
      "d" : "1756454350338680538",
      "t" : 1756454350338,
      "tn" : 1756454350338680538,
      "q" : "5.0",
      "p" : "2.0503",
      "s" : "sell",
      "i" : "ZRO_USD",
      "m" : "4611686018428199745"
    }, {
      "d" : "1756453731119392311",
      "t" : 1756453731119,
      "tn" : 1756453731119392311,
      "q" : "47.4",
      "p" : "2.0629",
      "s" : "sell",
      "i" : "ZRO_USD",
      "m" : "4611686018428199744"
    }, {
      "d" : "1756452963707228013",
      "t" : 1756452963707,
      "tn" : 1756452963707228013,
      "q" : "20.0",
      "p" : "2.0631",
      "s" : "sell",
      "i" : "ZRO_USD",
      "m" : "4611686018428199743"
    }, {
      "d" : "1756452963707225122",
      "t" : 1756452963707,
      "tn" : 1756452963707225122,
      "q" : "5.3",
      "p" : "2.0632",
      "s" : "sell",
      "i" : "ZRO_USD",
      "m" : "4611686018428199742"
    }, {
      "d" : "1756452694929449175",
      "t" : 1756452694929,
      "tn" : 1756452694929449175,
      "q" : "46.7",
      "p" : "2.0499",
      "s" : "sell",
      "i" : "ZRO_USD",
      "m" : "4611686018428199741"
    }, {
      "d" : "1756452545414980127",
      "t" : 1756452545414,
      "tn" : 1756452545414980127,
      "q" : "7.3",
      "p" : "2.0375",
      "s" : "buy",
      "i" : "ZRO_USD",
      "m" : "4611686018428199740"
    }, {
      "d" : "1756452545411879173",
      "t" : 1756452545411,
      "tn" : 1756452545411879173,
      "q" : "5.8",
      "p" : "2.0375",
      "s" : "sell",
      "i" : "ZRO_USD",
      "m" : "4611686018428199739"
    }, {
      "d" : "1756452191954923396",
      "t" : 1756452191954,
      "tn" : 1756452191954923396,
      "q" : "231.5",
      "p" : "2.0499",
      "s" : "buy",
      "i" : "ZRO_USD",
      "m" : "4611686018428199738"
    }, {
      "d" : "1756452086096072500",
      "t" : 1756452086096,
      "tn" : 1756452086096072500,
      "q" : "6.3",
      "p" : "2.0360",
      "s" : "sell",
      "i" : "ZRO_USD",
      "m" : "4611686018428199737"
    }, {
      "d" : "1756452067492026475",
      "t" : 1756452067492,
      "tn" : 1756452067492026475,
      "q" : "3.0",
      "p" : "2.0369",
      "s" : "sell",
      "i" : "ZRO_USD",
      "m" : "4611686018428199736"
    }, {
      "d" : "1756451457938874437",
      "t" : 1756451457938,
      "tn" : 1756451457938874437,
      "q" : "412.9",
      "p" : "2.0786",
      "s" : "sell",
      "i" : "ZRO_USD",
      "m" : "4611686018428199735"
    }, {
      "d" : "1756451457938872189",
      "t" : 1756451457938,
      "tn" : 1756451457938872189,
      "q" : "6.4",
      "p" : "2.0787",
      "s" : "sell",
      "i" : "ZRO_USD",
      "m" : "4611686018428199734"
    }, {
      "d" : "1756451457930331983",
      "t" : 1756451457930,
      "tn" : 1756451457930331983,
      "q" : "28.0",
      "p" : "2.0801",
      "s" : "sell",
      "i" : "ZRO_USD",
      "m" : "4611686018428199733"
    }, {
      "d" : "1756451393267517422",
      "t" : 1756451393267,
      "tn" : 1756451393267517422,
      "q" : "6.7",
      "p" : "2.1001",
      "s" : "buy",
      "i" : "ZRO_USD",
      "m" : "4611686018428199732"
    }, {
      "d" : "1756451381757021556",
      "t" : 1756451381757,
      "tn" : 1756451381757021556,
      "q" : "10.1",
      "p" : "2.0929",
      "s" : "sell",
      "i" : "ZRO_USD",
      "m" : "4611686018428199731"
    }, {
      "d" : "1756451381257746176",
      "t" : 1756451381257,
      "tn" : 1756451381257746176,
      "q" : "10.5",
      "p" : "2.0946",
      "s" : "sell",
      "i" : "ZRO_USD",
      "m" : "4611686018428199730"
    }, {
      "d" : "1756451348208306212",
      "t" : 1756451348208,
      "tn" : 1756451348208306212,
      "q" : "5.2",
      "p" : "2.1051",
      "s" : "sell",
      "i" : "ZRO_USD",
      "m" : "4611686018428199729"
    }, {
      "d" : "1756451340018382354",
      "t" : 1756451340018,
      "tn" : 1756451340018382354,
      "q" : "49.4",
      "p" : "2.1110",
      "s" : "sell",
      "i" : "ZRO_USD",
      "m" : "4611686018428199728"
    }, {
      "d" : "1756451320072094048",
      "t" : 1756451320072,
      "tn" : 1756451320072094048,
      "q" : "47.0",
      "p" : "2.1024",
      "s" : "sell",
      "i" : "ZRO_USD",
      "m" : "4611686018428199727"
    }, {
      "d" : "1756451320071801105",
      "t" : 1756451320071,
      "tn" : 1756451320071801105,
      "q" : "46.5",
      "p" : "2.1024",
      "s" : "sell",
      "i" : "ZRO_USD",
      "m" : "4611686018428199726"
    }, {
      "d" : "1756451314208784562",
      "t" : 1756451314208,
      "tn" : 1756451314208784562,
      "q" : "46.4",
      "p" : "2.1080",
      "s" : "sell",
      "i" : "ZRO_USD",
      "m" : "4611686018428199725"
    }, {
      "d" : "1756451313495229828",
      "t" : 1756451313495,
      "tn" : 1756451313495229828,
      "q" : "7.5",
      "p" : "2.1100",
      "s" : "sell",
      "i" : "ZRO_USD",
      "m" : "4611686018428199724"
    }, {
      "d" : "1756451307386216883",
      "t" : 1756451307386,
      "tn" : 1756451307386216883,
      "q" : "47.3",
      "p" : "2.1160",
      "s" : "sell",
      "i" : "ZRO_USD",
      "m" : "4611686018428199723"
    }, {
      "d" : "1756451303429414883",
      "t" : 1756451303429,
      "tn" : 1756451303429414883,
      "q" : "47.2",
      "p" : "2.1160",
      "s" : "sell",
      "i" : "ZRO_USD",
      "m" : "4611686018428199722"
    }, {
      "d" : "1756451293209683413",
      "t" : 1756451293209,
      "tn" : 1756451293209683413,
      "q" : "47.2",
      "p" : "2.1150",
      "s" : "sell",
      "i" : "ZRO_USD",
      "m" : "4611686018428199721"
    }, {
      "d" : "1756451292473743459",
      "t" : 1756451292473,
      "tn" : 1756451292473743459,
      "q" : "47.2",
      "p" : "2.1150",
      "s" : "sell",
      "i" : "ZRO_USD",
      "m" : "4611686018428199720"
    }, {
      "d" : "1756451291509515986",
      "t" : 1756451291509,
      "tn" : 1756451291509515986,
      "q" : "47.3",
      "p" : "2.1150",
      "s" : "sell",
      "i" : "ZRO_USD",
      "m" : "4611686018428199719"
    }, {
      "d" : "1756451290172016176",
      "t" : 1756451290172,
      "tn" : 1756451290172016176,
      "q" : "47.3",
      "p" : "2.1150",
      "s" : "sell",
      "i" : "ZRO_USD",
      "m" : "4611686018428199718"
    }, {
      "d" : "1756451288209392623",
      "t" : 1756451288209,
      "tn" : 1756451288209392623,
      "q" : "47.2",
      "p" : "2.1150",
      "s" : "sell",
      "i" : "ZRO_USD",
      "m" : "4611686018428199717"
    }, {
      "d" : "1756451280029386043",
      "t" : 1756451280029,
      "tn" : 1756451280029386043,
      "q" : "47.2",
      "p" : "2.1160",
      "s" : "sell",
      "i" : "ZRO_USD",
      "m" : "4611686018428199716"
    }, {
      "d" : "1756451262539418455",
      "t" : 1756451262539,
      "tn" : 1756451262539418455,
      "q" : "15.3",
      "p" : "2.1160",
      "s" : "sell",
      "i" : "ZRO_USD",
      "m" : "4611686018428199715"
    }, {
      "d" : "1756451260849594560",
      "t" : 1756451260849,
      "tn" : 1756451260849594560,
      "q" : "35.5",
      "p" : "2.1160",
      "s" : "sell",
      "i" : "ZRO_USD",
      "m" : "4611686018428199714"
    }, {
      "d" : "1756451260849591682",
      "t" : 1756451260849,
      "tn" : 1756451260849591682,
      "q" : "11.7",
      "p" : "2.1161",
      "s" : "sell",
      "i" : "ZRO_USD",
      "m" : "4611686018428199713"
    }, {
      "d" : "1756451208576501502",
      "t" : 1756451208576,
      "tn" : 1756451208576501502,
      "q" : "11.7",
      "p" : "2.1191",
      "s" : "sell",
      "i" : "ZRO_USD",
      "m" : "4611686018428199712"
    }, {
      "d" : "1756451187675853976",
      "t" : 1756451187675,
      "tn" : 1756451187675853975,
      "q" : "458.4",
      "p" : "2.1208",
      "s" : "sell",
      "i" : "ZRO_USD",
      "m" : "4611686018428199711"
    }, {
      "d" : "1756451187675853975",
      "t" : 1756451187675,
      "tn" : 1756451187675853975,
      "q" : "343.3",
      "p" : "2.1208",
      "s" : "sell",
      "i" : "ZRO_USD",
      "m" : "4611686018428199711"
    }, {
      "d" : "1756451187675848736",
      "t" : 1756451187675,
      "tn" : 1756451187675848736,
      "q" : "357.6",
      "p" : "2.1219",
      "s" : "sell",
      "i" : "ZRO_USD",
      "m" : "4611686018428199710"
    }, {
      "d" : "1756451060693945046",
      "t" : 1756451060693,
      "tn" : 1756451060693945046,
      "q" : "9.2",
      "p" : "2.1225",
      "s" : "sell",
      "i" : "ZRO_USD",
      "m" : "4611686018428199709"
    }, {
      "d" : "1756451048293244298",
      "t" : 1756451048293,
      "tn" : 1756451048293244298,
      "q" : "9.9",
      "p" : "2.1359",
      "s" : "buy",
      "i" : "ZRO_USD",
      "m" : "4611686018428199708"
    }, {
      "d" : "1756451048293242028",
      "t" : 1756451048293,
      "tn" : 1756451048293242028,
      "q" : "9.3",
      "p" : "2.1346",
      "s" : "buy",
      "i" : "ZRO_USD",
      "m" : "4611686018428199707"
    }, {
      "d" : "1756451032719001203",
      "t" : 1756451032719,
      "tn" : 1756451032719001203,
      "q" : "9.1",
      "p" : "2.1191",
      "s" : "sell",
      "i" : "ZRO_USD",
      "m" : "4611686018428199706"
    }, {
      "d" : "1756450990016367095",
      "t" : 1756450990016,
      "tn" : 1756450990016367095,
      "q" : "9.3",
      "p" : "2.1026",
      "s" : "sell",
      "i" : "ZRO_USD",
      "m" : "4611686018428199705"
    }, {
      "d" : "1756450989852964882",
      "t" : 1756450989852,
      "tn" : 1756450989852964882,
      "q" : "9.3",
      "p" : "2.1032",
      "s" : "sell",
      "i" : "ZRO_USD",
      "m" : "4611686018428199704"
    }, {
      "d" : "1756450989789247012",
      "t" : 1756450989789,
      "tn" : 1756450989789247012,
      "q" : "9.1",
      "p" : "2.1036",
      "s" : "sell",
      "i" : "ZRO_USD",
      "m" : "4611686018428199703"
    }, {
      "d" : "1756450988323898480",
      "t" : 1756450988323,
      "tn" : 1756450988323898480,
      "q" : "10.3",
      "p" : "2.1073",
      "s" : "sell",
      "i" : "ZRO_USD",
      "m" : "4611686018428199702"
    }, {
      "d" : "1756450986695728206",
      "t" : 1756450986695,
      "tn" : 1756450986695728206,
      "q" : "9.3",
      "p" : "2.1093",
      "s" : "sell",
      "i" : "ZRO_USD",
      "m" : "4611686018428199701"
    }, {
      "d" : "1756450986481980354",
      "t" : 1756450986481,
      "tn" : 1756450986481980354,
      "q" : "9.3",
      "p" : "2.1112",
      "s" : "sell",
      "i" : "ZRO_USD",
      "m" : "4611686018428199700"
    }, {
      "d" : "1756450974095618567",
      "t" : 1756450974095,
      "tn" : 1756450974095618567,
      "q" : "9.2",
      "p" : "2.1250",
      "s" : "buy",
      "i" : "ZRO_USD",
      "m" : "4611686018428199699"
    }, {
      "d" : "1756450974073780914",
      "t" : 1756450974073,
      "tn" : 1756450974073780914,
      "q" : "0.1",
      "p" : "2.1253",
      "s" : "buy",
      "i" : "ZRO_USD",
      "m" : "4611686018428199698"
    }, {
      "d" : "1756450974059262065",
      "t" : 1756450974059,
      "tn" : 1756450974059262065,
      "q" : "9.4",
      "p" : "2.1253",
      "s" : "buy",
      "i" : "ZRO_USD",
      "m" : "4611686018428199697"
    }, {
      "d" : "1756450950558375424",
      "t" : 1756450950558,
      "tn" : 1756450950558375424,
      "q" : "35.4",
      "p" : "2.1185",
      "s" : "sell",
      "i" : "ZRO_USD",
      "m" : "4611686018428199696"
    }, {
      "d" : "1756450945745083531",
      "t" : 1756450945745,
      "tn" : 1756450945745083531,
      "q" : "9.4",
      "p" : "2.1214",
      "s" : "sell",
      "i" : "ZRO_USD",
      "m" : "4611686018428199695"
    }, {
      "d" : "1756450935074828923",
      "t" : 1756450935074,
      "tn" : 1756450935074828923,
      "q" : "47.0",
      "p" : "2.1156",
      "s" : "sell",
      "i" : "ZRO_USD",
      "m" : "4611686018428199694"
    }, {
      "d" : "1756450935035073794",
      "t" : 1756450935035,
      "tn" : 1756450935035073794,
      "q" : "9.5",
      "p" : "2.1167",
      "s" : "sell",
      "i" : "ZRO_USD",
      "m" : "4611686018428199693"
    }, {
      "d" : "1756450931047007430",
      "t" : 1756450931047,
      "tn" : 1756450931047007430,
      "q" : "10.5",
      "p" : "2.1218",
      "s" : "sell",
      "i" : "ZRO_USD",
      "m" : "4611686018428199692"
    }, {
      "d" : "1756450930575928205",
      "t" : 1756450930575,
      "tn" : 1756450930575928205,
      "q" : "100.7",
      "p" : "2.1219",
      "s" : "sell",
      "i" : "ZRO_USD",
      "m" : "4611686018428199691"
    }, {
      "d" : "1756450918424958391",
      "t" : 1756450918424,
      "tn" : 1756450918424958391,
      "q" : "9.2",
      "p" : "2.1380",
      "s" : "sell",
      "i" : "ZRO_USD",
      "m" : "4611686018428199690"
    }, {
      "d" : "1756450864557328485",
      "t" : 1756450864557,
      "tn" : 1756450864557328485,
      "q" : "2.9",
      "p" : "2.1301",
      "s" : "sell",
      "i" : "ZRO_USD",
      "m" : "4611686018428199689"
    }, {
      "d" : "1756450864557326278",
      "t" : 1756450864557,
      "tn" : 1756450864557326278,
      "q" : "242.6",
      "p" : "2.1303",
      "s" : "sell",
      "i" : "ZRO_USD",
      "m" : "4611686018428199688"
    }, {
      "d" : "1756450864480310440",
      "t" : 1756450864480,
      "tn" : 1756450864480310440,
      "q" : "433.4",
      "p" : "2.1343",
      "s" : "sell",
      "i" : "ZRO_USD",
      "m" : "4611686018428199687"
    }, {
      "d" : "1756450864480307304",
      "t" : 1756450864480,
      "tn" : 1756450864480307304,
      "q" : "53.0",
      "p" : "2.1348",
      "s" : "sell",
      "i" : "ZRO_USD",
      "m" : "4611686018428199686"
    }, {
      "d" : "1756450864480304278",
      "t" : 1756450864480,
      "tn" : 1756450864480304278,
      "q" : "11.5",
      "p" : "2.1349",
      "s" : "sell",
      "i" : "ZRO_USD",
      "m" : "4611686018428199685"
    }, {
      "d" : "1756450864288005829",
      "t" : 1756450864288,
      "tn" : 1756450864288005829,
      "q" : "9.5",
      "p" : "2.1366",
      "s" : "sell",
      "i" : "ZRO_USD",
      "m" : "4611686018428199684"
    }, {
      "d" : "1756450852907385655",
      "t" : 1756450852907,
      "tn" : 1756450852907385655,
      "q" : "9.2",
      "p" : "2.1425",
      "s" : "sell",
      "i" : "ZRO_USD",
      "m" : "4611686018428199683"
    }, {
      "d" : "1756450841868692328",
      "t" : 1756450841868,
      "tn" : 1756450841868692328,
      "q" : "9.2",
      "p" : "2.1504",
      "s" : "buy",
      "i" : "ZRO_USD",
      "m" : "4611686018428199682"
    }, {
      "d" : "1756450839318279962",
      "t" : 1756450839318,
      "tn" : 1756450839318279962,
      "q" : "7.5",
      "p" : "2.1438",
      "s" : "sell",
      "i" : "ZRO_USD",
      "m" : "4611686018428199681"
    }, {
      "d" : "1756450838704193802",
      "t" : 1756450838704,
      "tn" : 1756450838704193802,
      "q" : "9.2",
      "p" : "2.1514",
      "s" : "sell",
      "i" : "ZRO_USD",
      "m" : "4611686018428199680"
    }, {
      "d" : "1756450837761406643",
      "t" : 1756450837761,
      "tn" : 1756450837761406643,
      "q" : "9.0",
      "p" : "2.1524",
      "s" : "sell",
      "i" : "ZRO_USD",
      "m" : "4611686018428199679"
    }, {
      "d" : "1756450829856965859",
      "t" : 1756450829856,
      "tn" : 1756450829856965859,
      "q" : "9.0",
      "p" : "2.1602",
      "s" : "sell",
      "i" : "ZRO_USD",
      "m" : "4611686018428199678"
    }, {
      "d" : "1756450748462410389",
      "t" : 1756450748462,
      "tn" : 1756450748462410389,
      "q" : "173.1",
      "p" : "2.1766",
      "s" : "sell",
      "i" : "ZRO_USD",
      "m" : "4611686018428199677"
    }, {
      "d" : "1756450746751916295",
      "t" : 1756450746751,
      "tn" : 1756450746751916295,
      "q" : "7.0",
      "p" : "2.1864",
      "s" : "buy",
      "i" : "ZRO_USD",
      "m" : "4611686018428199676"
    }, {
      "d" : "1756450699344947572",
      "t" : 1756450699344,
      "tn" : 1756450699344947572,
      "q" : "15.1",
      "p" : "2.1989",
      "s" : "sell",
      "i" : "ZRO_USD",
      "m" : "4611686018428199675"
    }, {
      "d" : "1756450683249009330",
      "t" : 1756450683249,
      "tn" : 1756450683249009330,
      "q" : "8.9",
      "p" : "2.2275",
      "s" : "sell",
      "i" : "ZRO_USD",
      "m" : "4611686018428199674"
    }, {
      "d" : "1756450600299079990",
      "t" : 1756450600299,
      "tn" : 1756450600299079990,
      "q" : "4.3",
      "p" : "2.2344",
      "s" : "sell",
      "i" : "ZRO_USD",
      "m" : "4611686018428199673"
    }, {
      "d" : "1756450600296629306",
      "t" : 1756450600296,
      "tn" : 1756450600296629306,
      "q" : "8.8",
      "p" : "2.2344",
      "s" : "buy",
      "i" : "ZRO_USD",
      "m" : "4611686018428199672"
    }, {
      "d" : "1756450538221201386",
      "t" : 1756450538221,
      "tn" : 1756450538221201386,
      "q" : "9.0",
      "p" : "2.2198",
      "s" : "sell",
      "i" : "ZRO_USD",
      "m" : "4611686018428199671"
    }, {
      "d" : "1756450516002115789",
      "t" : 1756450516002,
      "tn" : 1756450516002115789,
      "q" : "25.4",
      "p" : "2.2246",
      "s" : "sell",
      "i" : "ZRO_USD",
      "m" : "4611686018428199670"
    }, {
      "d" : "1756450513140666881",
      "t" : 1756450513140,
      "tn" : 1756450513140666881,
      "q" : "9.0",
      "p" : "2.2328",
      "s" : "buy",
      "i" : "ZRO_USD",
      "m" : "4611686018428199669"
    }, {
      "d" : "1756450500089606219",
      "t" : 1756450500089,
      "tn" : 1756450500089606219,
      "q" : "8.7",
      "p" : "2.2510",
      "s" : "buy",
      "i" : "ZRO_USD",
      "m" : "4611686018428199668"
    }, {
      "d" : "1756450500023237884",
      "t" : 1756450500023,
      "tn" : 1756450500023237884,
      "q" : "9.0",
      "p" : "2.2475",
      "s" : "buy",
      "i" : "ZRO_USD",
      "m" : "4611686018428199667"
    }, {
      "d" : "1756450499799672682",
      "t" : 1756450499799,
      "tn" : 1756450499799672682,
      "q" : "9.1",
      "p" : "2.2475",
      "s" : "buy",
      "i" : "ZRO_USD",
      "m" : "4611686018428199666"
    }, {
      "d" : "1756450499299199067",
      "t" : 1756450499299,
      "tn" : 1756450499299199067,
      "q" : "9.1",
      "p" : "2.2465",
      "s" : "buy",
      "i" : "ZRO_USD",
      "m" : "4611686018428199665"
    } ]
  }
}