{
  "id" : -1,
  "method" : "public/get-trades",
  "code" : 0,
  "result" : {
    "data" : [ {
      "d" : "1756462904944155444",
      "t" : 1756462904944,
      "tn" : 1756462904944155444,
      "q" : "1",
      "p" : "1.9968",
      "s" : "sell",
      "i" : "ZROUSD-PERP",
      "m" : "4611686018428195559"
    }, {
      "d" : "1756462901528817467",
      "t" : 1756462901528,
      "tn" : 1756462901528817467,
      "q" : "1",
      "p" : "1.9968",
      "s" : "sell",
      "i" : "ZROUSD-PERP",
      "m" : "4611686018428195558"
    }, {
      "d" : "1756462453669468199",
      "t" : 1756462453669,
      "tn" : 1756462453669468199,
      "q" : "38",
      "p" : "2.0001",
      "s" : "sell",
      "i" : "ZROUSD-PERP",
      "m" : "4611686018428195557"
    }, {
      "d" : "1756462453669466093",
      "t" : 1756462453669,
      "tn" : 1756462453669466093,
      "q" : "1",
      "p" : "2.0004",
      "s" : "sell",
      "i" : "ZROUSD-PERP",
      "m" : "4611686018428195556"
    }, {
      "d" : "1756460748491133403",
      "t" : 1756460748491,
      "tn" : 1756460748491133403,
      "q" : "1",
      "p" : "1.9872",
      "s" : "sell",
      "i" : "ZROUSD-PERP",
      "m" : "4611686018428195555"
    }, {
      "d" : "1756460748491129571",
      "t" : 1756460748491,
      "tn" : 1756460748491129571,
      "q" : "1",
      "p" : "1.9874",
      "s" : "sell",
      "i" : "ZROUSD-PERP",
      "m" : "4611686018428195554"
    }, {
      "d" : "1756460597191360030",
      "t" : 1756460597191,
      "tn" : 1756460597191360030,
      "q" : "87",
      "p" : "1.9807",
      "s" : "sell",
      "i" : "ZROUSD-PERP",
      "m" : "4611686018428195553"
    }, {
      "d" : "1756460597190902747",
      "t" : 1756460597190,
      "tn" : 1756460597190902747,
      "q" : "50",
      "p" : "1.9807",
      "s" : "sell",
      "i" : "ZROUSD-PERP",
      "m" : "4611686018428195552"
    }, {
      "d" : "1756460597184188511",
      "t" : 1756460597184,
      "tn" : 1756460597184188511,
      "q" : "100",
      "p" : "1.9848",
      "s" : "sell",
      "i" : "ZROUSD-PERP",
      "m" : "4611686018428195551"
    }, {
      "d" : "1756460597184185005",
      "t" : 1756460597184,
      "tn" : 1756460597184185005,
      "q" : "1",
      "p" : "1.9864",
      "s" : "sell",
      "i" : "ZROUSD-PERP",
      "m" : "4611686018428195550"
    }, {
      "d" : "1756460597184183458",
      "t" : 1756460597184,
      "tn" : 1756460597184183458,
      "q" : "1",
      "p" : "1.9869",
      "s" : "sell",
      "i" : "ZROUSD-PERP",
      "m" : "4611686018428195549"
    }, {
      "d" : "1756460255653099868",
      "t" : 1756460255653,
      "tn" : 1756460255653099868,
      "q" : "1",
      "p" : "1.9902",
      "s" : "buy",
      "i" : "ZROUSD-PERP",
      "m" : "4611686018428195548"
    }, {
      "d" : "1756460255653096209",
      "t" : 1756460255653,
      "tn" : 1756460255653096209,
      "q" : "1",
      "p" : "1.9896",
      "s" : "buy",
      "i" : "ZROUSD-PERP",
      "m" : "4611686018428195547"
    }, {
      "d" : "1756458658239072055",
      "t" : 1756458658239,
      "tn" : 1756458658239072055,
      "q" : "1",
      "p" : "1.9852",
      "s" : "buy",
      "i" : "ZROUSD-PERP",
      "m" : "4611686018428195546"
    }, {
      "d" : "1756458283446342481",
      "t" : 1756458283446,
      "tn" : 1756458283446342481,
      "q" : "642",
      "p" : "1.9886",
      "s" : "sell",
      "i" : "ZROUSD-PERP",
      "m" : "4611686018428195545"
    }, {
      "d" : "1756458283446338725",
      "t" : 1756458283446,
      "tn" : 1756458283446338725,
      "q" : "1",
      "p" : "1.9898",
      "s" : "sell",
      "i" : "ZROUSD-PERP",
      "m" : "4611686018428195544"
    }, {
      "d" : "1756458283446336131",
      "t" : 1756458283446,
      "tn" : 1756458283446336131,
      "q" : "1",
      "p" : "1.9901",
      "s" : "sell",
      "i" : "ZROUSD-PERP",
      "m" : "4611686018428195543"
    }, {
      "d" : "1756458160068279423",
      "t" : 1756458160068,
      "tn" : 1756458160068279423,
      "q" : "1",
      "p" : "1.9930",
      "s" : "sell",
      "i" : "ZROUSD-PERP",
      "m" : "4611686018428195542"
    }, {
      "d" : "1756458160068276870",
      "t" : 1756458160068,
      "tn" : 1756458160068276870,
      "q" : "1",
      "p" : "1.9933",
      "s" : "sell",
      "i" : "ZROUSD-PERP",
      "m" : "4611686018428195541"
    }, {
      "d" : "1756457762268776485",
      "t" : 1756457762268,
      "tn" : 1756457762268776485,
      "q" : "50",
      "p" : "2.0007",
      "s" : "sell",
      "i" : "ZROUSD-PERP",
      "m" : "4611686018428195540"
    }, {
      "d" : "1756457735992631769",
      "t" : 1756457735992,
      "tn" : 1756457735992631769,
      "q" : "50",
      "p" : "2.0009",
      "s" : "sell",
      "i" : "ZROUSD-PERP",
      "m" : "4611686018428195539"
    }, {
      "d" : "1756457735992629460",
      "t" : 1756457735992,
      "tn" : 1756457735992629460,
      "q" : "1",
      "p" : "2.0010",
      "s" : "sell",
      "i" : "ZROUSD-PERP",
      "m" : "4611686018428195538"
    }, {
      "d" : "1756457735992627377",
      "t" : 1756457735992,
      "tn" : 1756457735992627377,
      "q" : "1",
      "p" : "2.0015",
      "s" : "sell",
      "i" : "ZROUSD-PERP",
      "m" : "4611686018428195537"
    }, {
      "d" : "1756457576033269978",
      "t" : 1756457576033,
      "tn" : 1756457576033269978,
      "q" : "264",
      "p" : "2.0073",
      "s" : "sell",
      "i" : "ZROUSD-PERP",
      "m" : "4611686018428195536"
    }, {
      "d" : "1756457576033120743",
      "t" : 1756457576033,
      "tn" : 1756457576033120743,
      "q" : "202",
      "p" : "2.0073",
      "s" : "sell",
      "i" : "ZROUSD-PERP",
      "m" : "4611686018428195535"
    }, {
      "d" : "1756456984567282044",
      "t" : 1756456984567,
      "tn" : 1756456984567282044,
      "q" : "1",
      "p" : "2.0204",
      "s" : "sell",
      "i" : "ZROUSD-PERP",
      "m" : "4611686018428195534"
    }, {
      "d" : "1756456324639223407",
      "t" : 1756456324639,
      "tn" : 1756456324639223407,
      "q" : "1",
      "p" : "2.0327",
      "s" : "buy",
      "i" : "ZROUSD-PERP",
      "m" : "4611686018428195533"
    }, {
      "d" : "1756455964931522238",
      "t" : 1756455964931,
      "tn" : 1756455964931522238,
      "q" : "1",
      "p" : "2.0436",
      "s" : "buy",
      "i" : "ZROUSD-PERP",
      "m" : "4611686018428195532"
    }, {
      "d" : "1756455964931518671",
      "t" : 1756455964931,
      "tn" : 1756455964931518671,
      "q" : "1",
      "p" : "2.0430",
      "s" : "buy",
      "i" : "ZROUSD-PERP",
      "m" : "4611686018428195531"
    }, {
      "d" : "1756455954784726038",
      "t" : 1756455954784,
      "tn" : 1756455954784726038,
      "q" : "48",
      "p" : "2.0448",
      "s" : "buy",
      "i" : "ZROUSD-PERP",
      "m" : "4611686018428195530"
    }, {
      "d" : "1756455954780155718",
      "t" : 1756455954780,
      "tn" : 1756455954780155718,
      "q" : "97",
      "p" : "2.0430",
      "s" : "buy",
      "i" : "ZROUSD-PERP",
      "m" : "4611686018428195529"
    }, {
      "d" : "1756455954780153733",
      "t" : 1756455954780,
      "tn" : 1756455954780153733,
      "q" : "1",
      "p" : "2.0396",
      "s" : "buy",
      "i" : "ZROUSD-PERP",
      "m" : "4611686018428195528"
    }, {
      "d" : "1756455954780150293",
      "t" : 1756455954780,
      "tn" : 1756455954780150293,
      "q" : "1",
      "p" : "2.0390",
      "s" : "buy",
      "i" : "ZROUSD-PERP",
      "m" : "4611686018428195527"
    }, {
      "d" : "1756455504427846122",
      "t" : 1756455504427,
      "tn" : 1756455504427846122,
      "q" : "1",
      "p" : "2.0478",
      "s" : "buy",
      "i" : "ZROUSD-PERP",
      "m" : "4611686018428195526"
    }, {
      "d" : "1756455504427842621",
      "t" : 1756455504427,
      "tn" : 1756455504427842621,
      "q" : "1",
      "p" : "2.0471",
      "s" : "buy",
      "i" : "ZROUSD-PERP",
      "m" : "4611686018428195525"
    }, {
      "d" : "1756454914455922431",
      "t" : 1756454914455,
      "tn" : 1756454914455922431,
      "q" : "1",
      "p" : "2.0651",
      "s" : "sell",
      "i" : "ZROUSD-PERP",
      "m" : "4611686018428195524"
    }, {
      "d" : "1756454730371195782",
      "t" : 1756454730371,
      "tn" : 1756454730371195782,
      "q" : "1",
      "p" : "2.0710",
      "s" : "buy",
      "i" : "ZROUSD-PERP",
      "m" : "4611686018428195523"
    }, {
      "d" : "1756454198659165016",
      "t" : 1756454198659,
      "tn" : 1756454198659165016,
      "q" : "1",
      "p" : "2.0548",
      "s" : "sell",
      "i" : "ZROUSD-PERP",
      "m" : "4611686018428195522"
    }, {
      "d" : "1756454198659162098",
      "t" : 1756454198659,
      "tn" : 1756454198659162098,
      "q" : "1",
      "p" : "2.0550",
      "s" : "sell",
      "i" : "ZROUSD-PERP",
      "m" : "4611686018428195521"
    }, {
      "d" : "1756454101233095061",
      "t" : 1756454101233,
      "tn" : 1756454101233095061,
      "q" : "1",
      "p" : "2.0534",
      "s" : "sell",
      "i" : "ZROUSD-PERP",
      "m" : "4611686018428195520"
    }, {
      "d" : "1756454067532040111",
      "t" : 1756454067532,
      "tn" : 1756454067532040111,
      "q" : "1",
      "p" : "2.0594",
      "s" : "sell",
      "i" : "ZROUSD-PERP",
      "m" : "4611686018428195519"
    }, {
      "d" : "1756453782866723945",
      "t" : 1756453782866,
      "tn" : 1756453782866723945,
      "q" : "1",
      "p" : "2.0674",
      "s" : "sell",
      "i" : "ZROUSD-PERP",
      "m" : "4611686018428195518"
    }, {
      "d" : "1756453731179891061",
      "t" : 1756453731179,
      "tn" : 1756453731179891061,
      "q" : "48",
      "p" : "2.0640",
      "s" : "buy",
      "i" : "ZROUSD-PERP",
      "m" : "4611686018428195517"
    }, {
      "d" : "1756453731108006348",
      "t" : 1756453731108,
      "tn" : 1756453731108006348,
      "q" : "2",
      "p" : "2.0627",
      "s" : "sell",
      "i" : "ZROUSD-PERP",
      "m" : "4611686018428195516"
    }, {
      "d" : "1756453731107988648",
      "t" : 1756453731107,
      "tn" : 1756453731107988648,
      "q" : "235",
      "p" : "2.0627",
      "s" : "sell",
      "i" : "ZROUSD-PERP",
      "m" : "4611686018428195515"
    }, {
      "d" : "1756453731107983290",
      "t" : 1756453731107,
      "tn" : 1756453731107983290,
      "q" : "112",
      "p" : "2.0627",
      "s" : "sell",
      "i" : "ZROUSD-PERP",
      "m" : "4611686018428195514"
    }, {
      "d" : "1756453731107980618",
      "t" : 1756453731107,
      "tn" : 1756453731107980618,
      "q" : "1",
      "p" : "2.0630",
      "s" : "sell",
      "i" : "ZROUSD-PERP",
      "m" : "4611686018428195513"
    }, {
      "d" : "1756453731107978510",
      "t" : 1756453731107,
      "tn" : 1756453731107978510,
      "q" : "1",
      "p" : "2.0634",
      "s" : "sell",
      "i" : "ZROUSD-PERP",
      "m" : "4611686018428195512"
    }, {
      "d" : "1756453580647921797",
      "t" : 1756453580647,
      "tn" : 1756453580647921797,
      "q" : "1",
      "p" : "2.0701",
      "s" : "buy",
      "i" : "ZROUSD-PERP",
      "m" : "4611686018428195511"
    }, {
      "d" : "1756452968252711871",
      "t" : 1756452968252,
      "tn" : 1756452968252711871,
      "q" : "1",
      "p" : "2.0674",
      "s" : "buy",
      "i" : "ZROUSD-PERP",
      "m" : "4611686018428195510"
    }, {
      "d" : "1756452968252708952",
      "t" : 1756452968252,
      "tn" : 1756452968252708952,
      "q" : "48",
      "p" : "2.0672",
      "s" : "buy",
      "i" : "ZROUSD-PERP",
      "m" : "4611686018428195509"
    }, {
      "d" : "1756452821469011063",
      "t" : 1756452821469,
      "tn" : 1756452821469011063,
      "q" : "120",
      "p" : "2.0647",
      "s" : "sell",
      "i" : "ZROUSD-PERP",
      "m" : "4611686018428195508"
    }, {
      "d" : "1756452800459185946",
      "t" : 1756452800459,
      "tn" : 1756452800459185946,
      "q" : "1",
      "p" : "2.0636",
      "s" : "buy",
      "i" : "ZROUSD-PERP",
      "m" : "4611686018428195507"
    }, {
      "d" : "1756452800458212388",
      "t" : 1756452800458,
      "tn" : 1756452800458212388,
      "q" : "95",
      "p" : "2.0636",
      "s" : "buy",
      "i" : "ZROUSD-PERP",
      "m" : "4611686018428195506"
    }, {
      "d" : "1756452800458210580",
      "t" : 1756452800458,
      "tn" : 1756452800458210580,
      "q" : "1",
      "p" : "2.0634",
      "s" : "buy",
      "i" : "ZROUSD-PERP",
      "m" : "4611686018428195505"
    }, {
      "d" : "1756452800458209005",
      "t" : 1756452800458,
      "tn" : 1756452800458209005,
      "q" : "1",
      "p" : "2.0629",
      "s" : "buy",
      "i" : "ZROUSD-PERP",
      "m" : "4611686018428195504"
    }, {
      "d" : "1756452752210757838",
      "t" : 1756452752210,
      "tn" : 1756452752210757838,
      "q" : "1",
      "p" : "2.0639",
      "s" : "buy",
      "i" : "ZROUSD-PERP",
      "m" : "4611686018428195503"
    }, {
      "d" : "1756452727028051164",
      "t" : 1756452727028,
      "tn" : 1756452727028051164,
      "q" : "1",
      "p" : "2.0616",
      "s" : "buy",
      "i" : "ZROUSD-PERP",
      "m" : "4611686018428195502"
    }, {
      "d" : "1756452533908772928",
      "t" : 1756452533908,
      "tn" : 1756452533908772928,
      "q" : "1",
      "p" : "2.0396",
      "s" : "sell",
      "i" : "ZROUSD-PERP",
      "m" : "4611686018428195501"
    }, {
      "d" : "1756452533908769249",
      "t" : 1756452533908,
      "tn" : 1756452533908769249,
      "q" : "1",
      "p" : "2.0398",
      "s" : "sell",
      "i" : "ZROUSD-PERP",
      "m" : "4611686018428195500"
    }, {
      "d" : "1756452236552853459",
      "t" : 1756452236552,
      "tn" : 1756452236552853459,
      "q" : "1",
      "p" : "2.0430",
      "s" : "sell",
      "i" : "ZROUSD-PERP",
      "m" : "4611686018428195499"
    }, {
      "d" : "1756452086097306723",
      "t" : 1756452086097,
      "tn" : 1756452086097306723,
      "q" : "48",
      "p" : "2.0365",
      "s" : "sell",
      "i" : "ZROUSD-PERP",
      "m" : "4611686018428195498"
    }, {
      "d" : "1756452086097304814",
      "t" : 1756452086097,
      "tn" : 1756452086097304814,
      "q" : "1",
      "p" : "2.0380",
      "s" : "sell",
      "i" : "ZROUSD-PERP",
      "m" : "4611686018428195497"
    }, {
      "d" : "1756452069031208552",
      "t" : 1756452069031,
      "tn" : 1756452069031208552,
      "q" : "1",
      "p" : "2.0354",
      "s" : "sell",
      "i" : "ZROUSD-PERP",
      "m" : "4611686018428195496"
    }, {
      "d" : "1756452022558267229",
      "t" : 1756452022558,
      "tn" : 1756452022558267229,
      "q" : "66",
      "p" : "2.0543",
      "s" : "buy",
      "i" : "ZROUSD-PERP",
      "m" : "4611686018428195495"
    }, {
      "d" : "1756452022554842769",
      "t" : 1756452022554,
      "tn" : 1756452022554842769,
      "q" : "22",
      "p" : "2.0532",
      "s" : "buy",
      "i" : "ZROUSD-PERP",
      "m" : "4611686018428195494"
    }, {
      "d" : "1756452022554840850",
      "t" : 1756452022554,
      "tn" : 1756452022554840850,
      "q" : "1",
      "p" : "2.0494",
      "s" : "buy",
      "i" : "ZROUSD-PERP",
      "m" : "4611686018428195493"
    }, {
      "d" : "1756452022552527863",
      "t" : 1756452022552,
      "tn" : 1756452022552527863,
      "q" : "1",
      "p" : "2.0500",
      "s" : "buy",
      "i" : "ZROUSD-PERP",
      "m" : "4611686018428195492"
    }, {
      "d" : "1756452022552302152",
      "t" : 1756452022552,
      "tn" : 1756452022552302152,
      "q" : "45",
      "p" : "2.0500",
      "s" : "buy",
      "i" : "ZROUSD-PERP",
      "m" : "4611686018428195491"
    }, {
      "d" : "1756452022552299830",
      "t" : 1756452022552,
      "tn" : 1756452022552299830,
      "q" : "97",
      "p" : "2.0494",
      "s" : "buy",
      "i" : "ZROUSD-PERP",
      "m" : "4611686018428195490"
    }, {
      "d" : "1756452022552297265",
      "t" : 1756452022552,
      "tn" : 1756452022552297265,
      "q" : "1",
      "p" : "2.0483",
      "s" : "buy",
      "i" : "ZROUSD-PERP",
      "m" : "4611686018428195489"
    }, {
      "d" : "1756451973701971630",
      "t" : 1756451973701,
      "tn" : 1756451973701971630,
      "q" : "1",
      "p" : "2.0438",
      "s" : "sell",
      "i" : "ZROUSD-PERP",
      "m" : "4611686018428195488"
    }, {
      "d" : "1756451973701968447",
      "t" : 1756451973701,
      "tn" : 1756451973701968447,
      "q" : "1",
      "p" : "2.0441",
      "s" : "sell",
      "i" : "ZROUSD-PERP",
      "m" : "4611686018428195487"
    }, {
      "d" : "1756451963282262334",
      "t" : 1756451963282,
      "tn" : 1756451963282262334,
      "q" : "1",
      "p" : "2.0466",
      "s" : "buy",
      "i" : "ZROUSD-PERP",
      "m" : "4611686018428195486"
    }, {
      "d" : "1756451963282258554",
      "t" : 1756451963282,
      "tn" : 1756451963282258554,
      "q" : "1",
      "p" : "2.0460",
      "s" : "buy",
      "i" : "ZROUSD-PERP",
      "m" : "4611686018428195485"
    }, {
      "d" : "1756451811574041517",
      "t" : 1756451811574,
      "tn" : 1756451811574041517,
      "q" : "1",
      "p" : "2.0522",
      "s" : "buy",
      "i" : "ZROUSD-PERP",
      "m" : "4611686018428195484"
    }, {
      "d" : "1756451811574037711",
      "t" : 1756451811574,
      "tn" : 1756451811574037711,
      "q" : "1",
      "p" : "2.0514",
      "s" : "buy",
      "i" : "ZROUSD-PERP",
      "m" : "4611686018428195483"
    }, {
      "d" : "1756451704764333966",
      "t" : 1756451704764,
      "tn" : 1756451704764333966,
      "q" : "1",
      "p" : "2.0527",
      "s" : "buy",
      "i" : "ZROUSD-PERP",
      "m" : "4611686018428195482"
    }, {
      "d" : "1756451701206433972",
      "t" : 1756451701206,
      "tn" : 1756451701206433972,
      "q" : "1",
      "p" : "2.0562",
      "s" : "sell",
      "i" : "ZROUSD-PERP",
      "m" : "4611686018428195481"
    }, {
      "d" : "1756451701199138277",
      "t" : 1756451701199,
      "tn" : 1756451701199138277,
      "q" : "120",
      "p" : "2.0532",
      "s" : "sell",
      "i" : "ZROUSD-PERP",
      "m" : "4611686018428195480"
    }, {
      "d" : "1756451701199134618",
      "t" : 1756451701199,
      "tn" : 1756451701199134618,
      "q" : "1",
      "p" : "2.0572",
      "s" : "sell",
      "i" : "ZROUSD-PERP",
      "m" : "4611686018428195479"
    }, {
      "d" : "1756451677212214657",
      "t" : 1756451677212,
      "tn" : 1756451677212214657,
      "q" : "1",
      "p" : "2.0594",
      "s" : "sell",
      "i" : "ZROUSD-PERP",
      "m" : "4611686018428195478"
    }, {
      "d" : "1756451586399826064",
      "t" : 1756451586399,
      "tn" : 1756451586399826064,
      "q" : "1",
      "p" : "2.0585",
      "s" : "buy",
      "i" : "ZROUSD-PERP",
      "m" : "4611686018428195477"
    }, {
      "d" : "1756451580376094720",
      "t" : 1756451580376,
      "tn" : 1756451580376094720,
      "q" : "1",
      "p" : "2.0580",
      "s" : "sell",
      "i" : "ZROUSD-PERP",
      "m" : "4611686018428195476"
    }, {
      "d" : "1756451543320812794",
      "t" : 1756451543320,
      "tn" : 1756451543320812794,
      "q" : "1",
      "p" : "2.0670",
      "s" : "sell",
      "i" : "ZROUSD-PERP",
      "m" : "4611686018428195475"
    }, {
      "d" : "1756451543320809176",
      "t" : 1756451543320,
      "tn" : 1756451543320809176,
      "q" : "1",
      "p" : "2.0672",
      "s" : "sell",
      "i" : "ZROUSD-PERP",
      "m" : "4611686018428195474"
    }, {
      "d" : "1756451491538013070",
      "t" : 1756451491538,
      "tn" : 1756451491538013070,
      "q" : "1",
      "p" : "2.0652",
      "s" : "buy",
      "i" : "ZROUSD-PERP",
      "m" : "4611686018428195473"
    }, {
      "d" : "1756451491269555051",
      "t" : 1756451491269,
      "tn" : 1756451491269555051,
      "q" : "1",
      "p" : "2.0673",
      "s" : "sell",
      "i" : "ZROUSD-PERP",
      "m" : "4611686018428195472"
    }, {
      "d" : "1756451491269553318",
      "t" : 1756451491269,
      "tn" : 1756451491269553318,
      "q" : "1",
      "p" : "2.0676",
      "s" : "sell",
      "i" : "ZROUSD-PERP",
      "m" : "4611686018428195471"
    }, {
      "d" : "1756451486460872677",
      "t" : 1756451486460,
      "tn" : 1756451486460872677,
      "q" : "1",
      "p" : "2.0636",
      "s" : "sell",
      "i" : "ZROUSD-PERP",
      "m" : "4611686018428195470"
    }, {
      "d" : "1756451485020184870",
      "t" : 1756451485020,
      "tn" : 1756451485020184870,
      "q" : "1",
      "p" : "2.0646",
      "s" : "sell",
      "i" : "ZROUSD-PERP",
      "m" : "4611686018428195469"
    }, {
      "d" : "1756451484027033982",
      "t" : 1756451484027,
      "tn" : 1756451484027033982,
      "q" : "1",
      "p" : "2.0673",
      "s" : "sell",
      "i" : "ZROUSD-PERP",
      "m" : "4611686018428195468"
    }, {
      "d" : "1756451479877800417",
      "t" : 1756451479877,
      "tn" : 1756451479877800417,
      "q" : "1",
      "p" : "2.0726",
      "s" : "sell",
      "i" : "ZROUSD-PERP",
      "m" : "4611686018428195467"
    }, {
      "d" : "1756451478541290308",
      "t" : 1756451478541,
      "tn" : 1756451478541290308,
      "q" : "1",
      "p" : "2.0726",
      "s" : "sell",
      "i" : "ZROUSD-PERP",
      "m" : "4611686018428195466"
    }, {
      "d" : "1756451460021137798",
      "t" : 1756451460021,
      "tn" : 1756451460021137798,
      "q" : "1",
      "p" : "2.0770",
      "s" : "sell",
      "i" : "ZROUSD-PERP",
      "m" : "4611686018428195465"
    }, {
      "d" : "1756451457992311359",
      "t" : 1756451457992,
      "tn" : 1756451457992311359,
      "q" : "46",
      "p" : "2.0705",
      "s" : "sell",
      "i" : "ZROUSD-PERP",
      "m" : "4611686018428195464"
    }, {
      "d" : "1756451457992309872",
      "t" : 1756451457992,
      "tn" : 1756451457992309872,
      "q" : "1",
      "p" : "2.0720",
      "s" : "sell",
      "i" : "ZROUSD-PERP",
      "m" : "4611686018428195463"
    }, {
      "d" : "1756451457992308259",
      "t" : 1756451457992,
      "tn" : 1756451457992308259,
      "q" : "1",
      "p" : "2.0724",
      "s" : "sell",
      "i" : "ZROUSD-PERP",
      "m" : "4611686018428195462"
    }, {
      "d" : "1756451455169737289",
      "t" : 1756451455169,
      "tn" : 1756451455169737289,
      "q" : "1",
      "p" : "2.0811",
      "s" : "sell",
      "i" : "ZROUSD-PERP",
      "m" : "4611686018428195461"
    }, {
      "d" : "1756451454030351493",
      "t" : 1756451454030,
      "tn" : 1756451454030351493,
      "q" : "1",
      "p" : "2.0830",
      "s" : "sell",
      "i" : "ZROUSD-PERP",
      "m" : "4611686018428195460"
    }, {
      "d" : "1756451454030348903",
      "t" : 1756451454030,
      "tn" : 1756451454030348903,
      "q" : "1",
      "p" : "2.0836",
      "s" : "sell",
      "i" : "ZROUSD-PERP",
      "m" : "4611686018428195459"
    }, {
      "d" : "1756451415863566431",
      "t" : 1756451415863,
      "tn" : 1756451415863566431,
      "q" : "1",
      "p" : "2.0880",
      "s" : "sell",
      "i" : "ZROUSD-PERP",
      "m" : "4611686018428195458"
    }, {
      "d" : "1756451408495192802",
      "t" : 1756451408495,
      "tn" : 1756451408495192802,
      "q" : "1",
      "p" : "2.0905",
      "s" : "sell",
      "i" : "ZROUSD-PERP",
      "m" : "4611686018428195457"
    }, {
      "d" : "1756451399547122762",
      "t" : 1756451399547,
      "tn" : 1756451399547122762,
      "q" : "1",
      "p" : "2.0884",
      "s" : "sell",
      "i" : "ZROUSD-PERP",
      "m" : "4611686018428195456"
    }, {
      "d" : "1756451380065953185",
      "t" : 1756451380065,
      "tn" : 1756451380065953185,
      "q" : "47",
      "p" : "2.0946",
      "s" : "sell",
      "i" : "ZROUSD-PERP",
      "m" : "4611686018428195455"
    }, {
      "d" : "1756451380065950394",
      "t" : 1756451380065,
      "tn" : 1756451380065950394,
      "q" : "1",
      "p" : "2.0950",
      "s" : "sell",
      "i" : "ZROUSD-PERP",
      "m" : "4611686018428195454"
    }, {
      "d" : "1756451348211841010",
      "t" : 1756451348211,
      "tn" : 1756451348211841010,
      "q" : "97",
      "p" : "2.1010",
      "s" : "sell",
      "i" : "ZROUSD-PERP",
      "m" : "4611686018428195453"
    }, {
      "d" : "1756451320071966069",
      "t" : 1756451320071,
      "tn" : 1756451320071966069,
      "q" : "1",
      "p" : "2.1037",
      "s" : "sell",
      "i" : "ZROUSD-PERP",
      "m" : "4611686018428195452"
    }, {
      "d" : "1756451308089373535",
      "t" : 1756451308089,
      "tn" : 1756451308089373535,
      "q" : "46",
      "p" : "2.1076",
      "s" : "sell",
      "i" : "ZROUSD-PERP",
      "m" : "4611686018428195451"
    }, {
      "d" : "1756451308089370287",
      "t" : 1756451308089,
      "tn" : 1756451308089370287,
      "q" : "1",
      "p" : "2.1078",
      "s" : "sell",
      "i" : "ZROUSD-PERP",
      "m" : "4611686018428195450"
    }, {
      "d" : "1756451300503493250",
      "t" : 1756451300503,
      "tn" : 1756451300503493250,
      "q" : "1",
      "p" : "2.1141",
      "s" : "sell",
      "i" : "ZROUSD-PERP",
      "m" : "4611686018428195449"
    }, {
      "d" : "1756451293675594513",
      "t" : 1756451293675,
      "tn" : 1756451293675594513,
      "q" : "94",
      "p" : "2.1130",
      "s" : "buy",
      "i" : "ZROUSD-PERP",
      "m" : "4611686018428195448"
    }, {
      "d" : "1756451293465156084",
      "t" : 1756451293465,
      "tn" : 1756451293465156084,
      "q" : "94",
      "p" : "2.1130",
      "s" : "buy",
      "i" : "ZROUSD-PERP",
      "m" : "4611686018428195447"
    }, {
      "d" : "1756451293249091864",
      "t" : 1756451293249,
      "tn" : 1756451293249091864,
      "q" : "94",
      "p" : "2.1130",
      "s" : "buy",
      "i" : "ZROUSD-PERP",
      "m" : "4611686018428195446"
    }, {
      "d" : "1756451292948444340",
      "t" : 1756451292948,
      "tn" : 1756451292948444340,
      "q" : "94",
      "p" : "2.1130",
      "s" : "buy",
      "i" : "ZROUSD-PERP",
      "m" : "4611686018428195445"
    }, {
      "d" : "1756451292738156290",
      "t" : 1756451292738,
      "tn" : 1756451292738156290,
      "q" : "94",
      "p" : "2.1132",
      "s" : "buy",
      "i" : "ZROUSD-PERP",
      "m" : "4611686018428195444"
    }, {
      "d" : "1756451292527593495",
      "t" : 1756451292527,
      "tn" : 1756451292527593495,
      "q" : "94",
      "p" : "2.1130",
      "s" : "buy",
      "i" : "ZROUSD-PERP",
      "m" : "4611686018428195443"
    }, {
      "d" : "1756451291944731289",
      "t" : 1756451291944,
      "tn" : 1756451291944731289,
      "q" : "94",
      "p" : "2.1132",
      "s" : "buy",
      "i" : "ZROUSD-PERP",
      "m" : "4611686018428195442"
    }, {
      "d" : "1756451291734463422",
      "t" : 1756451291734,
      "tn" : 1756451291734463422,
      "q" : "94",
      "p" : "2.1128",
      "s" : "buy",
      "i" : "ZROUSD-PERP",
      "m" : "4611686018428195441"
    }, {
      "d" : "1756451291523970704",
      "t" : 1756451291523,
      "tn" : 1756451291523970704,
      "q" : "94",
      "p" : "2.1132",
      "s" : "buy",
      "i" : "ZROUSD-PERP",
      "m" : "4611686018428195440"
    }, {
      "d" : "1756451291492100825",
      "t" : 1756451291492,
      "tn" : 1756451291492100825,
      "q" : "137",
      "p" : "2.1139",
      "s" : "sell",
      "i" : "ZROUSD-PERP",
      "m" : "4611686018428195439"
    }, {
      "d" : "1756451290719635595",
      "t" : 1756451290719,
      "tn" : 1756451290719635595,
      "q" : "120",
      "p" : "2.1139",
      "s" : "sell",
      "i" : "ZROUSD-PERP",
      "m" : "4611686018428195438"
    }, {
      "d" : "1756451286105924882",
      "t" : 1756451286105,
      "tn" : 1756451286105924882,
      "q" : "94",
      "p" : "2.1136",
      "s" : "buy",
      "i" : "ZROUSD-PERP",
      "m" : "4611686018428195437"
    }, {
      "d" : "1756451265208134534",
      "t" : 1756451265208,
      "tn" : 1756451265208134534,
      "q" : "47",
      "p" : "2.1148",
      "s" : "buy",
      "i" : "ZROUSD-PERP",
      "m" : "4611686018428195436"
    }, {
      "d" : "1756451265208132156",
      "t" : 1756451265208,
      "tn" : 1756451265208132156,
      "q" : "94",
      "p" : "2.1146",
      "s" : "buy",
      "i" : "ZROUSD-PERP",
      "m" : "4611686018428195435"
    }, {
      "d" : "1756451264859836327",
      "t" : 1756451264859,
      "tn" : 1756451264859836327,
      "q" : "47",
      "p" : "2.1132",
      "s" : "buy",
      "i" : "ZROUSD-PERP",
      "m" : "4611686018428195434"
    }, {
      "d" : "1756451264799808310",
      "t" : 1756451264799,
      "tn" : 1756451264799808310,
      "q" : "1",
      "p" : "2.1138",
      "s" : "buy",
      "i" : "ZROUSD-PERP",
      "m" : "4611686018428195433"
    }, {
      "d" : "1756451263897428393",
      "t" : 1756451263897,
      "tn" : 1756451263897428393,
      "q" : "94",
      "p" : "2.1140",
      "s" : "buy",
      "i" : "ZROUSD-PERP",
      "m" : "4611686018428195432"
    }, {
      "d" : "1756451263802200682",
      "t" : 1756451263802,
      "tn" : 1756451263802200682,
      "q" : "1",
      "p" : "2.1138",
      "s" : "buy",
      "i" : "ZROUSD-PERP",
      "m" : "4611686018428195431"
    }, {
      "d" : "1756451263701995025",
      "t" : 1756451263701,
      "tn" : 1756451263701995025,
      "q" : "1",
      "p" : "2.1139",
      "s" : "buy",
      "i" : "ZROUSD-PERP",
      "m" : "4611686018428195430"
    }, {
      "d" : "1756451263686901567",
      "t" : 1756451263686,
      "tn" : 1756451263686901567,
      "q" : "94",
      "p" : "2.1140",
      "s" : "buy",
      "i" : "ZROUSD-PERP",
      "m" : "4611686018428195429"
    }, {
      "d" : "1756451263471523027",
      "t" : 1756451263471,
      "tn" : 1756451263471523027,
      "q" : "1",
      "p" : "2.1140",
      "s" : "buy",
      "i" : "ZROUSD-PERP",
      "m" : "4611686018428195428"
    }, {
      "d" : "1756451263135286354",
      "t" : 1756451263135,
      "tn" : 1756451263135286354,
      "q" : "93",
      "p" : "2.1140",
      "s" : "buy",
      "i" : "ZROUSD-PERP",
      "m" : "4611686018428195427"
    }, {
      "d" : "1756451263135284028",
      "t" : 1756451263135,
      "tn" : 1756451263135284028,
      "q" : "1",
      "p" : "2.1138",
      "s" : "buy",
      "i" : "ZROUSD-PERP",
      "m" : "4611686018428195426"
    }, {
      "d" : "1756451261706667370",
      "t" : 1756451261706,
      "tn" : 1756451261706667370,
      "q" : "94",
      "p" : "2.1141",
      "s" : "buy",
      "i" : "ZROUSD-PERP",
      "m" : "4611686018428195425"
    }, {
      "d" : "1756451261290109000",
      "t" : 1756451261290,
      "tn" : 1756451261290109000,
      "q" : "1",
      "p" : "2.1141",
      "s" : "buy",
      "i" : "ZROUSD-PERP",
      "m" : "4611686018428195424"
    }, {
      "d" : "1756451261109890777",
      "t" : 1756451261109,
      "tn" : 1756451261109890777,
      "q" : "1",
      "p" : "2.1138",
      "s" : "buy",
      "i" : "ZROUSD-PERP",
      "m" : "4611686018428195423"
    }, {
      "d" : "1756451260999555760",
      "t" : 1756451260999,
      "tn" : 1756451260999555760,
      "q" : "1",
      "p" : "2.1137",
      "s" : "buy",
      "i" : "ZROUSD-PERP",
      "m" : "4611686018428195422"
    }, {
      "d" : "1756451260984564042",
      "t" : 1756451260984,
      "tn" : 1756451260984564042,
      "q" : "94",
      "p" : "2.1140",
      "s" : "buy",
      "i" : "ZROUSD-PERP",
      "m" : "4611686018428195421"
    }, {
      "d" : "1756451260914051280",
      "t" : 1756451260914,
      "tn" : 1756451260914051280,
      "q" : "218",
      "p" : "2.1148",
      "s" : "sell",
      "i" : "ZROUSD-PERP",
      "m" : "4611686018428195420"
    }, {
      "d" : "1756451259708179861",
      "t" : 1756451259708,
      "tn" : 1756451259708179861,
      "q" : "131",
      "p" : "2.1148",
      "s" : "sell",
      "i" : "ZROUSD-PERP",
      "m" : "4611686018428195419"
    }, {
      "d" : "1756451224821687186",
      "t" : 1756451224821,
      "tn" : 1756451224821687185,
      "q" : "1",
      "p" : "2.1176",
      "s" : "buy",
      "i" : "ZROUSD-PERP",
      "m" : "4611686018428195418"
    }, {
      "d" : "1756451224821687185",
      "t" : 1756451224821,
      "tn" : 1756451224821687185,
      "q" : "94",
      "p" : "2.1176",
      "s" : "buy",
      "i" : "ZROUSD-PERP",
      "m" : "4611686018428195418"
    }, {
      "d" : "1756451215850265693",
      "t" : 1756451215850,
      "tn" : 1756451215850265693,
      "q" : "23",
      "p" : "2.1152",
      "s" : "sell",
      "i" : "ZROUSD-PERP",
      "m" : "4611686018428195417"
    }, {
      "d" : "1756451215850264055",
      "t" : 1756451215850,
      "tn" : 1756451215850264055,
      "q" : "1",
      "p" : "2.1154",
      "s" : "sell",
      "i" : "ZROUSD-PERP",
      "m" : "4611686018428195416"
    }, {
      "d" : "1756451215850262161",
      "t" : 1756451215850,
      "tn" : 1756451215850262161,
      "q" : "23",
      "p" : "2.1156",
      "s" : "sell",
      "i" : "ZROUSD-PERP",
      "m" : "4611686018428195415"
    }, {
      "d" : "1756451215850260779",
      "t" : 1756451215850,
      "tn" : 1756451215850260779,
      "q" : "23",
      "p" : "2.1160",
      "s" : "sell",
      "i" : "ZROUSD-PERP",
      "m" : "4611686018428195414"
    }, {
      "d" : "1756451215850259237",
      "t" : 1756451215850,
      "tn" : 1756451215850259237,
      "q" : "23",
      "p" : "2.1164",
      "s" : "sell",
      "i" : "ZROUSD-PERP",
      "m" : "4611686018428195413"
    }, {
      "d" : "1756451215805947604",
      "t" : 1756451215805,
      "tn" : 1756451215805947604,
      "q" : "1",
      "p" : "2.1160",
      "s" : "sell",
      "i" : "ZROUSD-PERP",
      "m" : "4611686018428195412"
    }, {
      "d" : "1756451215805944775",
      "t" : 1756451215805,
      "tn" : 1756451215805944775,
      "q" : "59",
      "p" : "2.1162",
      "s" : "sell",
      "i" : "ZROUSD-PERP",
      "m" : "4611686018428195411"
    } ]
  }
}