{
  "id" : -1,
  "method" : "public/get-trades",
  "code" : 0,
  "result" : {
    "data" : [ {
      "d" : "1756462227805832775",
      "t" : 1756462227805,
      "tn" : 1756462227805832775,
      "q" : "169",
      "p" : "0.24994",
      "s" : "buy",
      "i" : "ZRX_USD",
      "m" : "4611686018430071608"
    }, {
      "d" : "1756458913665843637",
      "t" : 1756458913665,
      "tn" : 1756458913665843636,
      "q" : "37",
      "p" : "0.24664",
      "s" : "buy",
      "i" : "ZRX_USD",
      "m" : "4611686018430071607"
    }, {
      "d" : "1756458913665843636",
      "t" : 1756458913665,
      "tn" : 1756458913665843636,
      "q" : "40",
      "p" : "0.24664",
      "s" : "buy",
      "i" : "ZRX_USD",
      "m" : "4611686018430071607"
    }, {
      "d" : "1756455629339960631",
      "t" : 1756455629339,
      "tn" : 1756455629339960631,
      "q" : "750",
      "p" : "0.24752",
      "s" : "sell",
      "i" : "ZRX_USD",
      "m" : "4611686018430071606"
    }, {
      "d" : "1756455016997391779",
      "t" : 1756455016997,
      "tn" : 1756455016997391779,
      "q" : "128",
      "p" : "0.24892",
      "s" : "sell",
      "i" : "ZRX_USD",
      "m" : "4611686018430071605"
    }, {
      "d" : "1756448625120719007",
      "t" : 1756448625120,
      "tn" : 1756448625120719007,
      "q" : "302",
      "p" : "0.25601",
      "s" : "sell",
      "i" : "ZRX_USD",
      "m" : "4611686018430071604"
    }, {
      "d" : "1756448624303117353",
      "t" : 1756448624303,
      "tn" : 1756448624303117353,
      "q" : "375",
      "p" : "0.25601",
      "s" : "sell",
      "i" : "ZRX_USD",
      "m" : "4611686018430071603"
    }, {
      "d" : "1756448575083314382",
      "t" : 1756448575083,
      "tn" : 1756448575083314382,
      "q" : "111",
      "p" : "0.25601",
      "s" : "sell",
      "i" : "ZRX_USD",
      "m" : "4611686018430071602"
    }, {
      "d" : "1756448534044150448",
      "t" : 1756448534044,
      "tn" : 1756448534044150448,
      "q" : "71",
      "p" : "0.25641",
      "s" : "sell",
      "i" : "ZRX_USD",
      "m" : "4611686018430071601"
    }, {
      "d" : "1756448152461792295",
      "t" : 1756448152461,
      "tn" : 1756448152461792295,
      "q" : "708",
      "p" : "0.25648",
      "s" : "sell",
      "i" : "ZRX_USD",
      "m" : "4611686018430071600"
    }, {
      "d" : "1756448152461789833",
      "t" : 1756448152461,
      "tn" : 1756448152461789833,
      "q" : "21",
      "p" : "0.25649",
      "s" : "sell",
      "i" : "ZRX_USD",
      "m" : "4611686018430071599"
    }, {
      "d" : "1756444581372388369",
      "t" : 1756444581372,
      "tn" : 1756444581372388369,
      "q" : "168",
      "p" : "0.25849",
      "s" : "buy",
      "i" : "ZRX_USD",
      "m" : "4611686018430071598"
    }, {
      "d" : "1756444581366951995",
      "t" : 1756444581366,
      "tn" : 1756444581366951995,
      "q" : "276",
      "p" : "0.25849",
      "s" : "sell",
      "i" : "ZRX_USD",
      "m" : "4611686018430071597"
    }, {
      "d" : "1756443962361086807",
      "t" : 1756443962361,
      "tn" : 1756443962361086807,
      "q" : "25",
      "p" : "0.25953",
      "s" : "buy",
      "i" : "ZRX_USD",
      "m" : "4611686018430071596"
    }, {
      "d" : "1756443061767741590",
      "t" : 1756443061767,
      "tn" : 1756443061767741589,
      "q" : "63",
      "p" : "0.25989",
      "s" : "sell",
      "i" : "ZRX_USD",
      "m" : "4611686018430071595"
    }, {
      "d" : "1756443061767741589",
      "t" : 1756443061767,
      "tn" : 1756443061767741589,
      "q" : "19",
      "p" : "0.25989",
      "s" : "sell",
      "i" : "ZRX_USD",
      "m" : "4611686018430071595"
    }, {
      "d" : "1756443018048009297",
      "t" : 1756443018048,
      "tn" : 1756443018048009297,
      "q" : "82",
      "p" : "0.26107",
      "s" : "buy",
      "i" : "ZRX_USD",
      "m" : "4611686018430071594"
    }, {
      "d" : "1756441394348904403",
      "t" : 1756441394348,
      "tn" : 1756441394348904402,
      "q" : "216",
      "p" : "0.26066",
      "s" : "buy",
      "i" : "ZRX_USD",
      "m" : "4611686018430071593"
    }, {
      "d" : "1756441394348904402",
      "t" : 1756441394348,
      "tn" : 1756441394348904402,
      "q" : "19",
      "p" : "0.26066",
      "s" : "buy",
      "i" : "ZRX_USD",
      "m" : "4611686018430071593"
    }, {
      "d" : "1756430344216669589",
      "t" : 1756430344216,
      "tn" : 1756430344216669589,
      "q" : "81",
      "p" : "0.25949",
      "s" : "buy",
      "i" : "ZRX_USD",
      "m" : "4611686018430071592"
    }, {
      "d" : "1756430344214109184",
      "t" : 1756430344214,
      "tn" : 1756430344214109184,
      "q" : "19",
      "p" : "0.25949",
      "s" : "sell",
      "i" : "ZRX_USD",
      "m" : "4611686018430071591"
    }, {
      "d" : "1756429658030060947",
      "t" : 1756429658030,
      "tn" : 1756429658030060947,
      "q" : "1618",
      "p" : "0.26091",
      "s" : "buy",
      "i" : "ZRX_USD",
      "m" : "4611686018430071590"
    }, {
      "d" : "1756429658027136139",
      "t" : 1756429658027,
      "tn" : 1756429658027136139,
      "q" : "382",
      "p" : "0.26091",
      "s" : "sell",
      "i" : "ZRX_USD",
      "m" : "4611686018430071589"
    }, {
      "d" : "1756427674196959274",
      "t" : 1756427674196,
      "tn" : 1756427674196959274,
      "q" : "366",
      "p" : "0.26327",
      "s" : "buy",
      "i" : "ZRX_USD",
      "m" : "4611686018430071588"
    }, {
      "d" : "1756425916761335056",
      "t" : 1756425916761,
      "tn" : 1756425916761335056,
      "q" : "764",
      "p" : "0.26377",
      "s" : "sell",
      "i" : "ZRX_USD",
      "m" : "4611686018430071587"
    }, {
      "d" : "1756424711432206286",
      "t" : 1756424711432,
      "tn" : 1756424711432206286,
      "q" : "197",
      "p" : "0.26360",
      "s" : "sell",
      "i" : "ZRX_USD",
      "m" : "4611686018430071586"
    }, {
      "d" : "1756424711427982001",
      "t" : 1756424711427,
      "tn" : 1756424711427982001,
      "q" : "729",
      "p" : "0.26360",
      "s" : "sell",
      "i" : "ZRX_USD",
      "m" : "4611686018430071585"
    }, {
      "d" : "1756423551627803255",
      "t" : 1756423551627,
      "tn" : 1756423551627803255,
      "q" : "80",
      "p" : "0.26327",
      "s" : "buy",
      "i" : "ZRX_USD",
      "m" : "4611686018430071584"
    }, {
      "d" : "1756423437663947829",
      "t" : 1756423437663,
      "tn" : 1756423437663947828,
      "q" : "42",
      "p" : "0.26317",
      "s" : "buy",
      "i" : "ZRX_USD",
      "m" : "4611686018430071583"
    }, {
      "d" : "1756423437663947828",
      "t" : 1756423437663,
      "tn" : 1756423437663947828,
      "q" : "21",
      "p" : "0.26317",
      "s" : "buy",
      "i" : "ZRX_USD",
      "m" : "4611686018430071583"
    }, {
      "d" : "1756421280368921502",
      "t" : 1756421280368,
      "tn" : 1756421280368921502,
      "q" : "18",
      "p" : "0.26164",
      "s" : "buy",
      "i" : "ZRX_USD",
      "m" : "4611686018430071582"
    }, {
      "d" : "1756421280368602957",
      "t" : 1756421280368,
      "tn" : 1756421280368602957,
      "q" : "34",
      "p" : "0.26164",
      "s" : "buy",
      "i" : "ZRX_USD",
      "m" : "4611686018430071581"
    }, {
      "d" : "1756421280350665320",
      "t" : 1756421280350,
      "tn" : 1756421280350665320,
      "q" : "18",
      "p" : "0.26164",
      "s" : "buy",
      "i" : "ZRX_USD",
      "m" : "4611686018430071580"
    }, {
      "d" : "1756411541416333877",
      "t" : 1756411541416,
      "tn" : 1756411541416333876,
      "q" : "873",
      "p" : "0.25341",
      "s" : "sell",
      "i" : "ZRX_USD",
      "m" : "4611686018430071579"
    }, {
      "d" : "1756411541416333876",
      "t" : 1756411541416,
      "tn" : 1756411541416333876,
      "q" : "47",
      "p" : "0.25341",
      "s" : "sell",
      "i" : "ZRX_USD",
      "m" : "4611686018430071579"
    }, {
      "d" : "1756407853202594552",
      "t" : 1756407853202,
      "tn" : 1756407853202594552,
      "q" : "264",
      "p" : "0.25827",
      "s" : "buy",
      "i" : "ZRX_USD",
      "m" : "4611686018430071578"
    }, {
      "d" : "1756405956516568960",
      "t" : 1756405956516,
      "tn" : 1756405956516568960,
      "q" : "88",
      "p" : "0.25766",
      "s" : "sell",
      "i" : "ZRX_USD",
      "m" : "4611686018430071577"
    }, {
      "d" : "1756405956514906600",
      "t" : 1756405956514,
      "tn" : 1756405956514906600,
      "q" : "81",
      "p" : "0.25766",
      "s" : "sell",
      "i" : "ZRX_USD",
      "m" : "4611686018430071576"
    }, {
      "d" : "1756405956512918897",
      "t" : 1756405956512,
      "tn" : 1756405956512918897,
      "q" : "47",
      "p" : "0.25766",
      "s" : "buy",
      "i" : "ZRX_USD",
      "m" : "4611686018430071575"
    }, {
      "d" : "1756404633204392678",
      "t" : 1756404633204,
      "tn" : 1756404633204392678,
      "q" : "118",
      "p" : "0.25563",
      "s" : "buy",
      "i" : "ZRX_USD",
      "m" : "4611686018430071574"
    }, {
      "d" : "1756404633201009841",
      "t" : 1756404633201,
      "tn" : 1756404633201009841,
      "q" : "47",
      "p" : "0.25563",
      "s" : "sell",
      "i" : "ZRX_USD",
      "m" : "4611686018430071573"
    }, {
      "d" : "1756402987402032667",
      "t" : 1756402987402,
      "tn" : 1756402987402032667,
      "q" : "1200",
      "p" : "0.25707",
      "s" : "buy",
      "i" : "ZRX_USD",
      "m" : "4611686018430071572"
    }, {
      "d" : "1756401870566120457",
      "t" : 1756401870566,
      "tn" : 1756401870566120457,
      "q" : "78",
      "p" : "0.25608",
      "s" : "sell",
      "i" : "ZRX_USD",
      "m" : "4611686018430071571"
    }, {
      "d" : "1756401870561751861",
      "t" : 1756401870561,
      "tn" : 1756401870561751861,
      "q" : "14",
      "p" : "0.25608",
      "s" : "buy",
      "i" : "ZRX_USD",
      "m" : "4611686018430071570"
    }, {
      "d" : "1756401382227057574",
      "t" : 1756401382227,
      "tn" : 1756401382227057573,
      "q" : "27",
      "p" : "0.25443",
      "s" : "sell",
      "i" : "ZRX_USD",
      "m" : "4611686018430071569"
    }, {
      "d" : "1756401382227057573",
      "t" : 1756401382227,
      "tn" : 1756401382227057573,
      "q" : "47",
      "p" : "0.25443",
      "s" : "sell",
      "i" : "ZRX_USD",
      "m" : "4611686018430071569"
    }, {
      "d" : "1756401151483171730",
      "t" : 1756401151483,
      "tn" : 1756401151483171730,
      "q" : "82",
      "p" : "0.25569",
      "s" : "buy",
      "i" : "ZRX_USD",
      "m" : "4611686018430071568"
    }, {
      "d" : "1756397947713605356",
      "t" : 1756397947713,
      "tn" : 1756397947713605356,
      "q" : "3746",
      "p" : "0.25969",
      "s" : "sell",
      "i" : "ZRX_USD",
      "m" : "4611686018430071567"
    }, {
      "d" : "1756397947710912501",
      "t" : 1756397947710,
      "tn" : 1756397947710912501,
      "q" : "1398",
      "p" : "0.25969",
      "s" : "buy",
      "i" : "ZRX_USD",
      "m" : "4611686018430071566"
    }, {
      "d" : "1756397766173504954",
      "t" : 1756397766173,
      "tn" : 1756397766173504954,
      "q" : "729",
      "p" : "0.25876",
      "s" : "sell",
      "i" : "ZRX_USD",
      "m" : "4611686018430071565"
    }, {
      "d" : "1756397766115453013",
      "t" : 1756397766115,
      "tn" : 1756397766115453013,
      "q" : "1351",
      "p" : "0.25896",
      "s" : "sell",
      "i" : "ZRX_USD",
      "m" : "4611686018430071564"
    }, {
      "d" : "1756396915943915283",
      "t" : 1756396915943,
      "tn" : 1756396915943915283,
      "q" : "143",
      "p" : "0.25910",
      "s" : "buy",
      "i" : "ZRX_USD",
      "m" : "4611686018430071563"
    }, {
      "d" : "1756395117202431090",
      "t" : 1756395117202,
      "tn" : 1756395117202431090,
      "q" : "119",
      "p" : "0.26009",
      "s" : "buy",
      "i" : "ZRX_USD",
      "m" : "4611686018430071562"
    }, {
      "d" : "1756395117199867321",
      "t" : 1756395117199,
      "tn" : 1756395117199867321,
      "q" : "47",
      "p" : "0.26009",
      "s" : "sell",
      "i" : "ZRX_USD",
      "m" : "4611686018430071561"
    }, {
      "d" : "1756393803929108325",
      "t" : 1756393803929,
      "tn" : 1756393803929108325,
      "q" : "1051",
      "p" : "0.26028",
      "s" : "buy",
      "i" : "ZRX_USD",
      "m" : "4611686018430071560"
    }, {
      "d" : "1756393121451293717",
      "t" : 1756393121451,
      "tn" : 1756393121451293717,
      "q" : "700",
      "p" : "0.26067",
      "s" : "buy",
      "i" : "ZRX_USD",
      "m" : "4611686018430071559"
    }, {
      "d" : "1756392500464465133",
      "t" : 1756392500464,
      "tn" : 1756392500464465133,
      "q" : "321",
      "p" : "0.25967",
      "s" : "buy",
      "i" : "ZRX_USD",
      "m" : "4611686018430071558"
    }, {
      "d" : "1756391953298261246",
      "t" : 1756391953298,
      "tn" : 1756391953298261246,
      "q" : "368",
      "p" : "0.25991",
      "s" : "sell",
      "i" : "ZRX_USD",
      "m" : "4611686018430071557"
    }, {
      "d" : "1756391023735808415",
      "t" : 1756391023735,
      "tn" : 1756391023735808415,
      "q" : "217",
      "p" : "0.25907",
      "s" : "buy",
      "i" : "ZRX_USD",
      "m" : "4611686018430071556"
    }, {
      "d" : "1756389761612236148",
      "t" : 1756389761612,
      "tn" : 1756389761612236148,
      "q" : "548",
      "p" : "0.25649",
      "s" : "buy",
      "i" : "ZRX_USD",
      "m" : "4611686018430071555"
    }, {
      "d" : "1756389761612234290",
      "t" : 1756389761612,
      "tn" : 1756389761612234290,
      "q" : "132",
      "p" : "0.25648",
      "s" : "buy",
      "i" : "ZRX_USD",
      "m" : "4611686018430071554"
    }, {
      "d" : "1756387629573669050",
      "t" : 1756387629573,
      "tn" : 1756387629573669050,
      "q" : "132",
      "p" : "0.25464",
      "s" : "sell",
      "i" : "ZRX_USD",
      "m" : "4611686018430071553"
    }, {
      "d" : "1756386069247731403",
      "t" : 1756386069247,
      "tn" : 1756386069247731403,
      "q" : "256",
      "p" : "0.25557",
      "s" : "buy",
      "i" : "ZRX_USD",
      "m" : "4611686018430071552"
    }, {
      "d" : "1756385582487133671",
      "t" : 1756385582487,
      "tn" : 1756385582487133671,
      "q" : "94",
      "p" : "0.25576",
      "s" : "sell",
      "i" : "ZRX_USD",
      "m" : "4611686018430071551"
    }, {
      "d" : "1756385582482260900",
      "t" : 1756385582482,
      "tn" : 1756385582482260900,
      "q" : "117",
      "p" : "0.25576",
      "s" : "buy",
      "i" : "ZRX_USD",
      "m" : "4611686018430071550"
    }, {
      "d" : "1756384839111491030",
      "t" : 1756384839111,
      "tn" : 1756384839111491030,
      "q" : "60",
      "p" : "0.25461",
      "s" : "sell",
      "i" : "ZRX_USD",
      "m" : "4611686018430071549"
    }, {
      "d" : "1756384669243942988",
      "t" : 1756384669243,
      "tn" : 1756384669243942988,
      "q" : "232",
      "p" : "0.25507",
      "s" : "buy",
      "i" : "ZRX_USD",
      "m" : "4611686018430071548"
    }, {
      "d" : "1756383937169543948",
      "t" : 1756383937169,
      "tn" : 1756383937169543948,
      "q" : "131",
      "p" : "0.25486",
      "s" : "buy",
      "i" : "ZRX_USD",
      "m" : "4611686018430071547"
    }, {
      "d" : "1756383744068997245",
      "t" : 1756383744068,
      "tn" : 1756383744068997245,
      "q" : "348",
      "p" : "0.25507",
      "s" : "buy",
      "i" : "ZRX_USD",
      "m" : "4611686018430071546"
    }, {
      "d" : "1756382536577260046",
      "t" : 1756382536577,
      "tn" : 1756382536577260046,
      "q" : "1275",
      "p" : "0.25476",
      "s" : "buy",
      "i" : "ZRX_USD",
      "m" : "4611686018430071545"
    }, {
      "d" : "1756381555210144383",
      "t" : 1756381555210,
      "tn" : 1756381555210144383,
      "q" : "330",
      "p" : "0.25416",
      "s" : "buy",
      "i" : "ZRX_USD",
      "m" : "4611686018430071544"
    }, {
      "d" : "1756380913298917832",
      "t" : 1756380913298,
      "tn" : 1756380913298917832,
      "q" : "57",
      "p" : "0.25396",
      "s" : "sell",
      "i" : "ZRX_USD",
      "m" : "4611686018430071543"
    }, {
      "d" : "1756378829299842135",
      "t" : 1756378829299,
      "tn" : 1756378829299842135,
      "q" : "73",
      "p" : "0.25507",
      "s" : "buy",
      "i" : "ZRX_USD",
      "m" : "4611686018430071542"
    }, {
      "d" : "1756378165151077002",
      "t" : 1756378165151,
      "tn" : 1756378165151077002,
      "q" : "114",
      "p" : "0.25456",
      "s" : "buy",
      "i" : "ZRX_USD",
      "m" : "4611686018430071541"
    }, {
      "d" : "1756377445167281283",
      "t" : 1756377445167,
      "tn" : 1756377445167281283,
      "q" : "754",
      "p" : "0.25496",
      "s" : "buy",
      "i" : "ZRX_USD",
      "m" : "4611686018430071540"
    }, {
      "d" : "1756377441633803655",
      "t" : 1756377441633,
      "tn" : 1756377441633803655,
      "q" : "84",
      "p" : "0.25495",
      "s" : "sell",
      "i" : "ZRX_USD",
      "m" : "4611686018430071539"
    }, {
      "d" : "1756377441626859842",
      "t" : 1756377441626,
      "tn" : 1756377441626859842,
      "q" : "47",
      "p" : "0.25495",
      "s" : "buy",
      "i" : "ZRX_USD",
      "m" : "4611686018430071538"
    } ]
  }
}