{
  "id" : -1,
  "method" : "public/get-trades",
  "code" : 0,
  "result" : {
    "data" : [ {
      "d" : "1756461123881890713",
      "t" : 1756461123881,
      "tn" : 1756461123881890713,
      "q" : "10",
      "p" : "0.24828",
      "s" : "buy",
      "i" : "ZRXUSD-PERP",
      "m" : "4611686018430231846"
    }, {
      "d" : "1756448007982274883",
      "t" : 1756448007982,
      "tn" : 1756448007982274883,
      "q" : "10",
      "p" : "0.25788",
      "s" : "buy",
      "i" : "ZRXUSD-PERP",
      "m" : "4611686018430231845"
    }, {
      "d" : "1756445329647251664",
      "t" : 1756445329647,
      "tn" : 1756445329647251664,
      "q" : "10",
      "p" : "0.25758",
      "s" : "sell",
      "i" : "ZRXUSD-PERP",
      "m" : "4611686018430231844"
    }, {
      "d" : "1756445329647249550",
      "t" : 1756445329647,
      "tn" : 1756445329647249550,
      "q" : "10",
      "p" : "0.25769",
      "s" : "sell",
      "i" : "ZRXUSD-PERP",
      "m" : "4611686018430231843"
    }, {
      "d" : "1756438672020198629",
      "t" : 1756438672020,
      "tn" : 1756438672020198629,
      "q" : "750",
      "p" : "0.26010",
      "s" : "buy",
      "i" : "ZRXUSD-PERP",
      "m" : "4611686018430231842"
    }, {
      "d" : "1756438672020198023",
      "t" : 1756438672020,
      "tn" : 1756438672020198023,
      "q" : "10",
      "p" : "0.26008",
      "s" : "buy",
      "i" : "ZRXUSD-PERP",
      "m" : "4611686018430231841"
    }, {
      "d" : "1756433630587626284",
      "t" : 1756433630587,
      "tn" : 1756433630587626284,
      "q" : "750",
      "p" : "0.26050",
      "s" : "buy",
      "i" : "ZRXUSD-PERP",
      "m" : "4611686018430231840"
    }, {
      "d" : "1756433630587624115",
      "t" : 1756433630587,
      "tn" : 1756433630587624115,
      "q" : "10",
      "p" : "0.26046",
      "s" : "buy",
      "i" : "ZRXUSD-PERP",
      "m" : "4611686018430231839"
    }, {
      "d" : "1756424711490598301",
      "t" : 1756424711490,
      "tn" : 1756424711490598301,
      "q" : "10",
      "p" : "0.26375",
      "s" : "buy",
      "i" : "ZRXUSD-PERP",
      "m" : "4611686018430231838"
    }, {
      "d" : "1756413627446626892",
      "t" : 1756413627446,
      "tn" : 1756413627446626892,
      "q" : "10",
      "p" : "0.25545",
      "s" : "sell",
      "i" : "ZRXUSD-PERP",
      "m" : "4611686018430231837"
    }, {
      "d" : "1756413396415811146",
      "t" : 1756413396415,
      "tn" : 1756413396415811146,
      "q" : "10",
      "p" : "0.25516",
      "s" : "sell",
      "i" : "ZRXUSD-PERP",
      "m" : "4611686018430231836"
    }, {
      "d" : "1756413317307777763",
      "t" : 1756413317307,
      "tn" : 1756413317307777763,
      "q" : "10",
      "p" : "0.25518",
      "s" : "sell",
      "i" : "ZRXUSD-PERP",
      "m" : "4611686018430231835"
    }, {
      "d" : "1756413317188586987",
      "t" : 1756413317188,
      "tn" : 1756413317188586987,
      "q" : "10",
      "p" : "0.25520",
      "s" : "sell",
      "i" : "ZRXUSD-PERP",
      "m" : "4611686018430231834"
    }, {
      "d" : "1756413300531829262",
      "t" : 1756413300531,
      "tn" : 1756413300531829262,
      "q" : "10",
      "p" : "0.25522",
      "s" : "sell",
      "i" : "ZRXUSD-PERP",
      "m" : "4611686018430231833"
    }, {
      "d" : "1756410469723347240",
      "t" : 1756410469723,
      "tn" : 1756410469723347240,
      "q" : "270",
      "p" : "0.25505",
      "s" : "buy",
      "i" : "ZRXUSD-PERP",
      "m" : "4611686018430231832"
    }, {
      "d" : "1756410201204570071",
      "t" : 1756410201204,
      "tn" : 1756410201204570071,
      "q" : "770",
      "p" : "0.25475",
      "s" : "buy",
      "i" : "ZRXUSD-PERP",
      "m" : "4611686018430231831"
    }, {
      "d" : "1756410050881248808",
      "t" : 1756410050881,
      "tn" : 1756410050881248808,
      "q" : "340",
      "p" : "0.25570",
      "s" : "buy",
      "i" : "ZRXUSD-PERP",
      "m" : "4611686018430231830"
    }, {
      "d" : "1756408417366959974",
      "t" : 1756408417366,
      "tn" : 1756408417366959974,
      "q" : "270",
      "p" : "0.25760",
      "s" : "buy",
      "i" : "ZRXUSD-PERP",
      "m" : "4611686018430231829"
    }, {
      "d" : "1756408417362762634",
      "t" : 1756408417362,
      "tn" : 1756408417362762634,
      "q" : "500",
      "p" : "0.25760",
      "s" : "buy",
      "i" : "ZRXUSD-PERP",
      "m" : "4611686018430231828"
    }, {
      "d" : "1756408409351668276",
      "t" : 1756408409351,
      "tn" : 1756408409351668276,
      "q" : "310",
      "p" : "0.25755",
      "s" : "buy",
      "i" : "ZRXUSD-PERP",
      "m" : "4611686018430231827"
    }, {
      "d" : "1756400781546445078",
      "t" : 1756400781546,
      "tn" : 1756400781546445078,
      "q" : "510",
      "p" : "0.25485",
      "s" : "buy",
      "i" : "ZRXUSD-PERP",
      "m" : "4611686018430231826"
    }, {
      "d" : "1756400735528659900",
      "t" : 1756400735528,
      "tn" : 1756400735528659900,
      "q" : "520",
      "p" : "0.25465",
      "s" : "buy",
      "i" : "ZRXUSD-PERP",
      "m" : "4611686018430231825"
    }, {
      "d" : "1756400726302288117",
      "t" : 1756400726302,
      "tn" : 1756400726302288117,
      "q" : "520",
      "p" : "0.25495",
      "s" : "buy",
      "i" : "ZRXUSD-PERP",
      "m" : "4611686018430231824"
    }, {
      "d" : "1756400714520328422",
      "t" : 1756400714520,
      "tn" : 1756400714520328422,
      "q" : "770",
      "p" : "0.25515",
      "s" : "buy",
      "i" : "ZRXUSD-PERP",
      "m" : "4611686018430231823"
    }, {
      "d" : "1756400712389024560",
      "t" : 1756400712389,
      "tn" : 1756400712389024560,
      "q" : "520",
      "p" : "0.25515",
      "s" : "buy",
      "i" : "ZRXUSD-PERP",
      "m" : "4611686018430231822"
    }, {
      "d" : "1756400553865631326",
      "t" : 1756400553865,
      "tn" : 1756400553865631326,
      "q" : "520",
      "p" : "0.25555",
      "s" : "buy",
      "i" : "ZRXUSD-PERP",
      "m" : "4611686018430231821"
    }, {
      "d" : "1756400493554011355",
      "t" : 1756400493554,
      "tn" : 1756400493554011355,
      "q" : "530",
      "p" : "0.25560",
      "s" : "buy",
      "i" : "ZRXUSD-PERP",
      "m" : "4611686018430231820"
    }, {
      "d" : "1756400461566499809",
      "t" : 1756400461566,
      "tn" : 1756400461566499809,
      "q" : "360",
      "p" : "0.25535",
      "s" : "buy",
      "i" : "ZRXUSD-PERP",
      "m" : "4611686018430231819"
    }, {
      "d" : "1756400461562519978",
      "t" : 1756400461562,
      "tn" : 1756400461562519978,
      "q" : "420",
      "p" : "0.25535",
      "s" : "buy",
      "i" : "ZRXUSD-PERP",
      "m" : "4611686018430231818"
    }, {
      "d" : "1756400444431301458",
      "t" : 1756400444431,
      "tn" : 1756400444431301458,
      "q" : "770",
      "p" : "0.25525",
      "s" : "buy",
      "i" : "ZRXUSD-PERP",
      "m" : "4611686018430231817"
    }, {
      "d" : "1756400442899018225",
      "t" : 1756400442899,
      "tn" : 1756400442899018225,
      "q" : "770",
      "p" : "0.25515",
      "s" : "buy",
      "i" : "ZRXUSD-PERP",
      "m" : "4611686018430231816"
    }, {
      "d" : "1756400441046858133",
      "t" : 1756400441046,
      "tn" : 1756400441046858133,
      "q" : "770",
      "p" : "0.25495",
      "s" : "buy",
      "i" : "ZRXUSD-PERP",
      "m" : "4611686018430231815"
    }, {
      "d" : "1756400339872551249",
      "t" : 1756400339872,
      "tn" : 1756400339872551249,
      "q" : "540",
      "p" : "0.25595",
      "s" : "buy",
      "i" : "ZRXUSD-PERP",
      "m" : "4611686018430231814"
    }, {
      "d" : "1756400326464071554",
      "t" : 1756400326464,
      "tn" : 1756400326464071554,
      "q" : "250",
      "p" : "0.25605",
      "s" : "buy",
      "i" : "ZRXUSD-PERP",
      "m" : "4611686018430231813"
    }, {
      "d" : "1756400326463358757",
      "t" : 1756400326463,
      "tn" : 1756400326463358757,
      "q" : "530",
      "p" : "0.25605",
      "s" : "buy",
      "i" : "ZRXUSD-PERP",
      "m" : "4611686018430231812"
    }, {
      "d" : "1756400316296686714",
      "t" : 1756400316296,
      "tn" : 1756400316296686714,
      "q" : "770",
      "p" : "0.25605",
      "s" : "buy",
      "i" : "ZRXUSD-PERP",
      "m" : "4611686018430231811"
    }, {
      "d" : "1756400313269098761",
      "t" : 1756400313269,
      "tn" : 1756400313269098761,
      "q" : "250",
      "p" : "0.25595",
      "s" : "buy",
      "i" : "ZRXUSD-PERP",
      "m" : "4611686018430231810"
    }, {
      "d" : "1756400313266593754",
      "t" : 1756400313266,
      "tn" : 1756400313266593754,
      "q" : "530",
      "p" : "0.25595",
      "s" : "buy",
      "i" : "ZRXUSD-PERP",
      "m" : "4611686018430231809"
    }, {
      "d" : "1756400304293345681",
      "t" : 1756400304293,
      "tn" : 1756400304293345681,
      "q" : "540",
      "p" : "0.25605",
      "s" : "buy",
      "i" : "ZRXUSD-PERP",
      "m" : "4611686018430231808"
    }, {
      "d" : "1756400294654477757",
      "t" : 1756400294654,
      "tn" : 1756400294654477757,
      "q" : "540",
      "p" : "0.25615",
      "s" : "buy",
      "i" : "ZRXUSD-PERP",
      "m" : "4611686018430231807"
    }, {
      "d" : "1756400293607021678",
      "t" : 1756400293607,
      "tn" : 1756400293607021678,
      "q" : "550",
      "p" : "0.25615",
      "s" : "buy",
      "i" : "ZRXUSD-PERP",
      "m" : "4611686018430231806"
    }, {
      "d" : "1756400286101758892",
      "t" : 1756400286101,
      "tn" : 1756400286101758892,
      "q" : "540",
      "p" : "0.25625",
      "s" : "buy",
      "i" : "ZRXUSD-PERP",
      "m" : "4611686018430231805"
    }, {
      "d" : "1756400283542361786",
      "t" : 1756400283542,
      "tn" : 1756400283542361786,
      "q" : "550",
      "p" : "0.25625",
      "s" : "buy",
      "i" : "ZRXUSD-PERP",
      "m" : "4611686018430231804"
    }, {
      "d" : "1756400263375359168",
      "t" : 1756400263375,
      "tn" : 1756400263375359168,
      "q" : "540",
      "p" : "0.25625",
      "s" : "buy",
      "i" : "ZRXUSD-PERP",
      "m" : "4611686018430231803"
    }, {
      "d" : "1756400260739685649",
      "t" : 1756400260739,
      "tn" : 1756400260739685649,
      "q" : "560",
      "p" : "0.25625",
      "s" : "buy",
      "i" : "ZRXUSD-PERP",
      "m" : "4611686018430231802"
    }, {
      "d" : "1756400255362220523",
      "t" : 1756400255362,
      "tn" : 1756400255362220523,
      "q" : "10",
      "p" : "0.25631",
      "s" : "buy",
      "i" : "ZRXUSD-PERP",
      "m" : "4611686018430231801"
    }, {
      "d" : "1756400252440149939",
      "t" : 1756400252440,
      "tn" : 1756400252440149939,
      "q" : "570",
      "p" : "0.25630",
      "s" : "buy",
      "i" : "ZRXUSD-PERP",
      "m" : "4611686018430231800"
    }, {
      "d" : "1756400246721352887",
      "t" : 1756400246721,
      "tn" : 1756400246721352887,
      "q" : "560",
      "p" : "0.25625",
      "s" : "buy",
      "i" : "ZRXUSD-PERP",
      "m" : "4611686018430231799"
    }, {
      "d" : "1756400244432902030",
      "t" : 1756400244432,
      "tn" : 1756400244432902030,
      "q" : "10",
      "p" : "0.25639",
      "s" : "buy",
      "i" : "ZRXUSD-PERP",
      "m" : "4611686018430231798"
    }, {
      "d" : "1756400236386505406",
      "t" : 1756400236386,
      "tn" : 1756400236386505406,
      "q" : "10",
      "p" : "0.25647",
      "s" : "buy",
      "i" : "ZRXUSD-PERP",
      "m" : "4611686018430231797"
    }, {
      "d" : "1756400236386503582",
      "t" : 1756400236386,
      "tn" : 1756400236386503582,
      "q" : "200",
      "p" : "0.25645",
      "s" : "buy",
      "i" : "ZRXUSD-PERP",
      "m" : "4611686018430231796"
    }, {
      "d" : "1756400236380838224",
      "t" : 1756400236380,
      "tn" : 1756400236380838224,
      "q" : "570",
      "p" : "0.25645",
      "s" : "buy",
      "i" : "ZRXUSD-PERP",
      "m" : "4611686018430231795"
    }, {
      "d" : "1756400115268677036",
      "t" : 1756400115268,
      "tn" : 1756400115268677036,
      "q" : "760",
      "p" : "0.25675",
      "s" : "buy",
      "i" : "ZRXUSD-PERP",
      "m" : "4611686018430231794"
    }, {
      "d" : "1756400109474918554",
      "t" : 1756400109474,
      "tn" : 1756400109474918554,
      "q" : "540",
      "p" : "0.25695",
      "s" : "buy",
      "i" : "ZRXUSD-PERP",
      "m" : "4611686018430231793"
    }, {
      "d" : "1756400002689797900",
      "t" : 1756400002689,
      "tn" : 1756400002689797900,
      "q" : "540",
      "p" : "0.25735",
      "s" : "buy",
      "i" : "ZRXUSD-PERP",
      "m" : "4611686018430231792"
    }, {
      "d" : "1756400001120948870",
      "t" : 1756400001120,
      "tn" : 1756400001120948870,
      "q" : "560",
      "p" : "0.25735",
      "s" : "buy",
      "i" : "ZRXUSD-PERP",
      "m" : "4611686018430231791"
    }, {
      "d" : "1756399993699029145",
      "t" : 1756399993699,
      "tn" : 1756399993699029145,
      "q" : "10",
      "p" : "0.25736",
      "s" : "buy",
      "i" : "ZRXUSD-PERP",
      "m" : "4611686018430231790"
    }, {
      "d" : "1756399988681621729",
      "t" : 1756399988681,
      "tn" : 1756399988681621729,
      "q" : "570",
      "p" : "0.25745",
      "s" : "buy",
      "i" : "ZRXUSD-PERP",
      "m" : "4611686018430231789"
    }, {
      "d" : "1756398718817001662",
      "t" : 1756398718817,
      "tn" : 1756398718817001662,
      "q" : "140",
      "p" : "0.25835",
      "s" : "buy",
      "i" : "ZRXUSD-PERP",
      "m" : "4611686018430231788"
    }, {
      "d" : "1756398718816999348",
      "t" : 1756398718816,
      "tn" : 1756398718816999348,
      "q" : "10",
      "p" : "0.25834",
      "s" : "buy",
      "i" : "ZRXUSD-PERP",
      "m" : "4611686018430231787"
    }, {
      "d" : "1756398490296431475",
      "t" : 1756398490296,
      "tn" : 1756398490296431475,
      "q" : "760",
      "p" : "0.25905",
      "s" : "buy",
      "i" : "ZRXUSD-PERP",
      "m" : "4611686018430231786"
    }, {
      "d" : "1756398490296429066",
      "t" : 1756398490296,
      "tn" : 1756398490296429066,
      "q" : "10",
      "p" : "0.25902",
      "s" : "buy",
      "i" : "ZRXUSD-PERP",
      "m" : "4611686018430231785"
    }, {
      "d" : "1756397538108722898",
      "t" : 1756397538108,
      "tn" : 1756397538108722898,
      "q" : "290",
      "p" : "0.25890",
      "s" : "buy",
      "i" : "ZRXUSD-PERP",
      "m" : "4611686018430231784"
    }, {
      "d" : "1756397166548871418",
      "t" : 1756397166548,
      "tn" : 1756397166548871418,
      "q" : "10",
      "p" : "0.25950",
      "s" : "buy",
      "i" : "ZRXUSD-PERP",
      "m" : "4611686018430231783"
    }, {
      "d" : "1756397166545158821",
      "t" : 1756397166545,
      "tn" : 1756397166545158821,
      "q" : "760",
      "p" : "0.25950",
      "s" : "buy",
      "i" : "ZRXUSD-PERP",
      "m" : "4611686018430231782"
    }, {
      "d" : "1756397024463510496",
      "t" : 1756397024463,
      "tn" : 1756397024463510496,
      "q" : "760",
      "p" : "0.25870",
      "s" : "buy",
      "i" : "ZRXUSD-PERP",
      "m" : "4611686018430231781"
    }, {
      "d" : "1756396905094826898",
      "t" : 1756396905094,
      "tn" : 1756396905094826898,
      "q" : "760",
      "p" : "0.25860",
      "s" : "buy",
      "i" : "ZRXUSD-PERP",
      "m" : "4611686018430231780"
    }, {
      "d" : "1756396803421161829",
      "t" : 1756396803421,
      "tn" : 1756396803421161829,
      "q" : "180",
      "p" : "0.25850",
      "s" : "buy",
      "i" : "ZRXUSD-PERP",
      "m" : "4611686018430231779"
    }, {
      "d" : "1756393745123664524",
      "t" : 1756393745123,
      "tn" : 1756393745123664524,
      "q" : "10",
      "p" : "0.25993",
      "s" : "sell",
      "i" : "ZRXUSD-PERP",
      "m" : "4611686018430231778"
    }, {
      "d" : "1756389904379599436",
      "t" : 1756389904379,
      "tn" : 1756389904379599436,
      "q" : "10",
      "p" : "0.25725",
      "s" : "sell",
      "i" : "ZRXUSD-PERP",
      "m" : "4611686018430231777"
    }, {
      "d" : "1756389783790530866",
      "t" : 1756389783790,
      "tn" : 1756389783790530866,
      "q" : "10",
      "p" : "0.25697",
      "s" : "sell",
      "i" : "ZRXUSD-PERP",
      "m" : "4611686018430231776"
    }, {
      "d" : "1756389761611257203",
      "t" : 1756389761611,
      "tn" : 1756389761611257203,
      "q" : "570",
      "p" : "0.25675",
      "s" : "buy",
      "i" : "ZRXUSD-PERP",
      "m" : "4611686018430231775"
    }, {
      "d" : "1756389751286489008",
      "t" : 1756389751286,
      "tn" : 1756389751286489008,
      "q" : "10",
      "p" : "0.25638",
      "s" : "sell",
      "i" : "ZRXUSD-PERP",
      "m" : "4611686018430231774"
    }, {
      "d" : "1756389690465913292",
      "t" : 1756389690465,
      "tn" : 1756389690465913292,
      "q" : "10",
      "p" : "0.25620",
      "s" : "sell",
      "i" : "ZRXUSD-PERP",
      "m" : "4611686018430231773"
    }, {
      "d" : "1756389600478720993",
      "t" : 1756389600478,
      "tn" : 1756389600478720993,
      "q" : "10",
      "p" : "0.25662",
      "s" : "sell",
      "i" : "ZRXUSD-PERP",
      "m" : "4611686018430231772"
    }, {
      "d" : "1756389599879483340",
      "t" : 1756389599879,
      "tn" : 1756389599879483340,
      "q" : "50",
      "p" : "0.25655",
      "s" : "buy",
      "i" : "ZRXUSD-PERP",
      "m" : "4611686018430231771"
    }, {
      "d" : "1756389599879481493",
      "t" : 1756389599879,
      "tn" : 1756389599879481493,
      "q" : "10",
      "p" : "0.25651",
      "s" : "buy",
      "i" : "ZRXUSD-PERP",
      "m" : "4611686018430231770"
    }, {
      "d" : "1756389599879478949",
      "t" : 1756389599879,
      "tn" : 1756389599879478949,
      "q" : "10",
      "p" : "0.25650",
      "s" : "buy",
      "i" : "ZRXUSD-PERP",
      "m" : "4611686018430231769"
    }, {
      "d" : "1756389561310721680",
      "t" : 1756389561310,
      "tn" : 1756389561310721680,
      "q" : "10",
      "p" : "0.25612",
      "s" : "sell",
      "i" : "ZRXUSD-PERP",
      "m" : "4611686018430231768"
    }, {
      "d" : "1756389558580553355",
      "t" : 1756389558580,
      "tn" : 1756389558580553355,
      "q" : "10",
      "p" : "0.25615",
      "s" : "buy",
      "i" : "ZRXUSD-PERP",
      "m" : "4611686018430231767"
    }, {
      "d" : "1756389558580551319",
      "t" : 1756389558580,
      "tn" : 1756389558580551318,
      "q" : "10",
      "p" : "0.25611",
      "s" : "buy",
      "i" : "ZRXUSD-PERP",
      "m" : "4611686018430231766"
    }, {
      "d" : "1756389558580551318",
      "t" : 1756389558580,
      "tn" : 1756389558580551318,
      "q" : "10",
      "p" : "0.25611",
      "s" : "buy",
      "i" : "ZRXUSD-PERP",
      "m" : "4611686018430231766"
    }, {
      "d" : "1756389467419019991",
      "t" : 1756389467419,
      "tn" : 1756389467419019991,
      "q" : "10",
      "p" : "0.25582",
      "s" : "sell",
      "i" : "ZRXUSD-PERP",
      "m" : "4611686018430231765"
    }, {
      "d" : "1756389424381296105",
      "t" : 1756389424381,
      "tn" : 1756389424381296105,
      "q" : "30",
      "p" : "0.25545",
      "s" : "buy",
      "i" : "ZRXUSD-PERP",
      "m" : "4611686018430231764"
    }, {
      "d" : "1756389424381293841",
      "t" : 1756389424381,
      "tn" : 1756389424381293841,
      "q" : "10",
      "p" : "0.25541",
      "s" : "buy",
      "i" : "ZRXUSD-PERP",
      "m" : "4611686018430231763"
    }, {
      "d" : "1756389424381290813",
      "t" : 1756389424381,
      "tn" : 1756389424381290813,
      "q" : "10",
      "p" : "0.25539",
      "s" : "buy",
      "i" : "ZRXUSD-PERP",
      "m" : "4611686018430231762"
    }, {
      "d" : "1756389421132790770",
      "t" : 1756389421132,
      "tn" : 1756389421132790770,
      "q" : "20",
      "p" : "0.25545",
      "s" : "buy",
      "i" : "ZRXUSD-PERP",
      "m" : "4611686018430231761"
    }, {
      "d" : "1756389421132788604",
      "t" : 1756389421132,
      "tn" : 1756389421132788603,
      "q" : "10",
      "p" : "0.25539",
      "s" : "buy",
      "i" : "ZRXUSD-PERP",
      "m" : "4611686018430231760"
    }, {
      "d" : "1756389421132788603",
      "t" : 1756389421132,
      "tn" : 1756389421132788603,
      "q" : "10",
      "p" : "0.25539",
      "s" : "buy",
      "i" : "ZRXUSD-PERP",
      "m" : "4611686018430231760"
    }, {
      "d" : "1756389246458362127",
      "t" : 1756389246458,
      "tn" : 1756389246458362127,
      "q" : "10",
      "p" : "0.25470",
      "s" : "sell",
      "i" : "ZRXUSD-PERP",
      "m" : "4611686018430231759"
    }, {
      "d" : "1756388960263795152",
      "t" : 1756388960263,
      "tn" : 1756388960263795152,
      "q" : "10",
      "p" : "0.25502",
      "s" : "sell",
      "i" : "ZRXUSD-PERP",
      "m" : "4611686018430231758"
    }, {
      "d" : "1756388706145043374",
      "t" : 1756388706145,
      "tn" : 1756388706145043374,
      "q" : "10",
      "p" : "0.25548",
      "s" : "buy",
      "i" : "ZRXUSD-PERP",
      "m" : "4611686018430231757"
    }, {
      "d" : "1756388581035895043",
      "t" : 1756388581035,
      "tn" : 1756388581035895043,
      "q" : "10",
      "p" : "0.25560",
      "s" : "buy",
      "i" : "ZRXUSD-PERP",
      "m" : "4611686018430231756"
    }, {
      "d" : "1756388510516253664",
      "t" : 1756388510516,
      "tn" : 1756388510516253664,
      "q" : "690",
      "p" : "0.25530",
      "s" : "buy",
      "i" : "ZRXUSD-PERP",
      "m" : "4611686018430231755"
    }, {
      "d" : "1756388510516252019",
      "t" : 1756388510516,
      "tn" : 1756388510516252019,
      "q" : "10",
      "p" : "0.25527",
      "s" : "buy",
      "i" : "ZRXUSD-PERP",
      "m" : "4611686018430231754"
    }, {
      "d" : "1756388498156009758",
      "t" : 1756388498156,
      "tn" : 1756388498156009758,
      "q" : "690",
      "p" : "0.25540",
      "s" : "buy",
      "i" : "ZRXUSD-PERP",
      "m" : "4611686018430231753"
    }, {
      "d" : "1756388498156007851",
      "t" : 1756388498156,
      "tn" : 1756388498156007851,
      "q" : "10",
      "p" : "0.25539",
      "s" : "buy",
      "i" : "ZRXUSD-PERP",
      "m" : "4611686018430231752"
    }, {
      "d" : "1756388135349603695",
      "t" : 1756388135349,
      "tn" : 1756388135349603695,
      "q" : "10",
      "p" : "0.25571",
      "s" : "buy",
      "i" : "ZRXUSD-PERP",
      "m" : "4611686018430231751"
    }, {
      "d" : "1756388106823680766",
      "t" : 1756388106823,
      "tn" : 1756388106823680766,
      "q" : "10",
      "p" : "0.25551",
      "s" : "buy",
      "i" : "ZRXUSD-PERP",
      "m" : "4611686018430231750"
    }, {
      "d" : "1756388046743251481",
      "t" : 1756388046743,
      "tn" : 1756388046743251481,
      "q" : "10",
      "p" : "0.25611",
      "s" : "buy",
      "i" : "ZRXUSD-PERP",
      "m" : "4611686018430231749"
    }, {
      "d" : "1756388046595599221",
      "t" : 1756388046595,
      "tn" : 1756388046595599221,
      "q" : "10",
      "p" : "0.25609",
      "s" : "buy",
      "i" : "ZRXUSD-PERP",
      "m" : "4611686018430231748"
    }, {
      "d" : "1756387060387846759",
      "t" : 1756387060387,
      "tn" : 1756387060387846759,
      "q" : "680",
      "p" : "0.25520",
      "s" : "buy",
      "i" : "ZRXUSD-PERP",
      "m" : "4611686018430231747"
    }, {
      "d" : "1756387060387844799",
      "t" : 1756387060387,
      "tn" : 1756387060387844799,
      "q" : "10",
      "p" : "0.25518",
      "s" : "buy",
      "i" : "ZRXUSD-PERP",
      "m" : "4611686018430231746"
    }, {
      "d" : "1756387060387842642",
      "t" : 1756387060387,
      "tn" : 1756387060387842642,
      "q" : "10",
      "p" : "0.25517",
      "s" : "buy",
      "i" : "ZRXUSD-PERP",
      "m" : "4611686018430231745"
    }, {
      "d" : "1756387034233117976",
      "t" : 1756387034233,
      "tn" : 1756387034233117976,
      "q" : "10",
      "p" : "0.25527",
      "s" : "buy",
      "i" : "ZRXUSD-PERP",
      "m" : "4611686018430231744"
    }, {
      "d" : "1756387021234314745",
      "t" : 1756387021234,
      "tn" : 1756387021234314745,
      "q" : "10",
      "p" : "0.25536",
      "s" : "buy",
      "i" : "ZRXUSD-PERP",
      "m" : "4611686018430231743"
    }, {
      "d" : "1756386992696847027",
      "t" : 1756386992696,
      "tn" : 1756386992696847027,
      "q" : "10",
      "p" : "0.25527",
      "s" : "buy",
      "i" : "ZRXUSD-PERP",
      "m" : "4611686018430231742"
    }, {
      "d" : "1756386978906454010",
      "t" : 1756386978906,
      "tn" : 1756386978906454010,
      "q" : "10",
      "p" : "0.25527",
      "s" : "buy",
      "i" : "ZRXUSD-PERP",
      "m" : "4611686018430231741"
    }, {
      "d" : "1756386968897987227",
      "t" : 1756386968897,
      "tn" : 1756386968897987227,
      "q" : "10",
      "p" : "0.25527",
      "s" : "buy",
      "i" : "ZRXUSD-PERP",
      "m" : "4611686018430231740"
    }, {
      "d" : "1756386953125500005",
      "t" : 1756386953125,
      "tn" : 1756386953125500005,
      "q" : "10",
      "p" : "0.25536",
      "s" : "buy",
      "i" : "ZRXUSD-PERP",
      "m" : "4611686018430231739"
    }, {
      "d" : "1756386925927844765",
      "t" : 1756386925927,
      "tn" : 1756386925927844765,
      "q" : "10",
      "p" : "0.25545",
      "s" : "buy",
      "i" : "ZRXUSD-PERP",
      "m" : "4611686018430231738"
    }, {
      "d" : "1756386911894463678",
      "t" : 1756386911894,
      "tn" : 1756386911894463678,
      "q" : "10",
      "p" : "0.25545",
      "s" : "buy",
      "i" : "ZRXUSD-PERP",
      "m" : "4611686018430231737"
    }, {
      "d" : "1756386840221372419",
      "t" : 1756386840221,
      "tn" : 1756386840221372419,
      "q" : "10",
      "p" : "0.25536",
      "s" : "buy",
      "i" : "ZRXUSD-PERP",
      "m" : "4611686018430231736"
    }, {
      "d" : "1756386795382575815",
      "t" : 1756386795382,
      "tn" : 1756386795382575815,
      "q" : "10",
      "p" : "0.25536",
      "s" : "buy",
      "i" : "ZRXUSD-PERP",
      "m" : "4611686018430231735"
    }, {
      "d" : "1756386680764333095",
      "t" : 1756386680764,
      "tn" : 1756386680764333095,
      "q" : "10",
      "p" : "0.25545",
      "s" : "buy",
      "i" : "ZRXUSD-PERP",
      "m" : "4611686018430231734"
    }, {
      "d" : "1756386651610949106",
      "t" : 1756386651610,
      "tn" : 1756386651610949106,
      "q" : "10",
      "p" : "0.25524",
      "s" : "buy",
      "i" : "ZRXUSD-PERP",
      "m" : "4611686018430231733"
    }, {
      "d" : "1756386640900935960",
      "t" : 1756386640900,
      "tn" : 1756386640900935960,
      "q" : "10",
      "p" : "0.25515",
      "s" : "buy",
      "i" : "ZRXUSD-PERP",
      "m" : "4611686018430231732"
    }, {
      "d" : "1756386630877249691",
      "t" : 1756386630877,
      "tn" : 1756386630877249691,
      "q" : "10",
      "p" : "0.25524",
      "s" : "buy",
      "i" : "ZRXUSD-PERP",
      "m" : "4611686018430231731"
    }, {
      "d" : "1756386618171598282",
      "t" : 1756386618171,
      "tn" : 1756386618171598282,
      "q" : "10",
      "p" : "0.25524",
      "s" : "buy",
      "i" : "ZRXUSD-PERP",
      "m" : "4611686018430231730"
    }, {
      "d" : "1756386608149212998",
      "t" : 1756386608149,
      "tn" : 1756386608149212998,
      "q" : "10",
      "p" : "0.25524",
      "s" : "buy",
      "i" : "ZRXUSD-PERP",
      "m" : "4611686018430231729"
    }, {
      "d" : "1756386598104038761",
      "t" : 1756386598104,
      "tn" : 1756386598104038761,
      "q" : "10",
      "p" : "0.25524",
      "s" : "buy",
      "i" : "ZRXUSD-PERP",
      "m" : "4611686018430231728"
    }, {
      "d" : "1756386588088145396",
      "t" : 1756386588088,
      "tn" : 1756386588088145396,
      "q" : "10",
      "p" : "0.25524",
      "s" : "buy",
      "i" : "ZRXUSD-PERP",
      "m" : "4611686018430231727"
    }, {
      "d" : "1756386578063859087",
      "t" : 1756386578063,
      "tn" : 1756386578063859087,
      "q" : "10",
      "p" : "0.25533",
      "s" : "buy",
      "i" : "ZRXUSD-PERP",
      "m" : "4611686018430231726"
    }, {
      "d" : "1756386555891637587",
      "t" : 1756386555891,
      "tn" : 1756386555891637587,
      "q" : "10",
      "p" : "0.25533",
      "s" : "buy",
      "i" : "ZRXUSD-PERP",
      "m" : "4611686018430231725"
    }, {
      "d" : "1756386540468083044",
      "t" : 1756386540468,
      "tn" : 1756386540468083044,
      "q" : "10",
      "p" : "0.25545",
      "s" : "buy",
      "i" : "ZRXUSD-PERP",
      "m" : "4611686018430231724"
    }, {
      "d" : "1756386480147793012",
      "t" : 1756386480147,
      "tn" : 1756386480147793012,
      "q" : "10",
      "p" : "0.25533",
      "s" : "buy",
      "i" : "ZRXUSD-PERP",
      "m" : "4611686018430231723"
    }, {
      "d" : "1756386466579561806",
      "t" : 1756386466579,
      "tn" : 1756386466579561806,
      "q" : "10",
      "p" : "0.25533",
      "s" : "buy",
      "i" : "ZRXUSD-PERP",
      "m" : "4611686018430231722"
    }, {
      "d" : "1756386430448632897",
      "t" : 1756386430448,
      "tn" : 1756386430448632897,
      "q" : "10",
      "p" : "0.25524",
      "s" : "buy",
      "i" : "ZRXUSD-PERP",
      "m" : "4611686018430231721"
    }, {
      "d" : "1756386371065656856",
      "t" : 1756386371065,
      "tn" : 1756386371065656856,
      "q" : "10",
      "p" : "0.25524",
      "s" : "buy",
      "i" : "ZRXUSD-PERP",
      "m" : "4611686018430231720"
    }, {
      "d" : "1756386335238977455",
      "t" : 1756386335238,
      "tn" : 1756386335238977455,
      "q" : "10",
      "p" : "0.25533",
      "s" : "buy",
      "i" : "ZRXUSD-PERP",
      "m" : "4611686018430231719"
    }, {
      "d" : "1756386055351513122",
      "t" : 1756386055351,
      "tn" : 1756386055351513122,
      "q" : "10",
      "p" : "0.25512",
      "s" : "buy",
      "i" : "ZRXUSD-PERP",
      "m" : "4611686018430231718"
    }, {
      "d" : "1756385986392396444",
      "t" : 1756385986392,
      "tn" : 1756385986392396444,
      "q" : "10",
      "p" : "0.25512",
      "s" : "buy",
      "i" : "ZRXUSD-PERP",
      "m" : "4611686018430231717"
    }, {
      "d" : "1756385972334593920",
      "t" : 1756385972334,
      "tn" : 1756385972334593920,
      "q" : "10",
      "p" : "0.25503",
      "s" : "buy",
      "i" : "ZRXUSD-PERP",
      "m" : "4611686018430231716"
    }, {
      "d" : "1756385960019001289",
      "t" : 1756385960019,
      "tn" : 1756385960019001289,
      "q" : "10",
      "p" : "0.25503",
      "s" : "buy",
      "i" : "ZRXUSD-PERP",
      "m" : "4611686018430231715"
    }, {
      "d" : "1756385929802643528",
      "t" : 1756385929802,
      "tn" : 1756385929802643528,
      "q" : "10",
      "p" : "0.25503",
      "s" : "buy",
      "i" : "ZRXUSD-PERP",
      "m" : "4611686018430231714"
    }, {
      "d" : "1756385839367368427",
      "t" : 1756385839367,
      "tn" : 1756385839367368427,
      "q" : "10",
      "p" : "0.25512",
      "s" : "buy",
      "i" : "ZRXUSD-PERP",
      "m" : "4611686018430231713"
    }, {
      "d" : "1756385829250830860",
      "t" : 1756385829250,
      "tn" : 1756385829250830860,
      "q" : "10",
      "p" : "0.25512",
      "s" : "buy",
      "i" : "ZRXUSD-PERP",
      "m" : "4611686018430231712"
    }, {
      "d" : "1756385810083932257",
      "t" : 1756385810083,
      "tn" : 1756385810083932257,
      "q" : "10",
      "p" : "0.25512",
      "s" : "buy",
      "i" : "ZRXUSD-PERP",
      "m" : "4611686018430231711"
    }, {
      "d" : "1756385789195452251",
      "t" : 1756385789195,
      "tn" : 1756385789195452251,
      "q" : "10",
      "p" : "0.25512",
      "s" : "buy",
      "i" : "ZRXUSD-PERP",
      "m" : "4611686018430231710"
    }, {
      "d" : "1756385670709764975",
      "t" : 1756385670709,
      "tn" : 1756385670709764975,
      "q" : "10",
      "p" : "0.25491",
      "s" : "buy",
      "i" : "ZRXUSD-PERP",
      "m" : "4611686018430231709"
    }, {
      "d" : "1756385609303706630",
      "t" : 1756385609303,
      "tn" : 1756385609303706630,
      "q" : "10",
      "p" : "0.25509",
      "s" : "buy",
      "i" : "ZRXUSD-PERP",
      "m" : "4611686018430231708"
    }, {
      "d" : "1756385577907848176",
      "t" : 1756385577907,
      "tn" : 1756385577907848176,
      "q" : "10",
      "p" : "0.25521",
      "s" : "buy",
      "i" : "ZRXUSD-PERP",
      "m" : "4611686018430231707"
    }, {
      "d" : "1756381513680591716",
      "t" : 1756381513680,
      "tn" : 1756381513680591716,
      "q" : "10",
      "p" : "0.25365",
      "s" : "buy",
      "i" : "ZRXUSD-PERP",
      "m" : "4611686018430231706"
    } ]
  }
}